2377 3802
515 95 781 140 OTTONIS
814 97 895 140 DE
929 96 973 142 S.
1007 95 1237 141 BLASIO
1271 95 1612 141 CHRONICA.
1939 99 1994 142 81

141 248 486 309 Galliarum,
549 247 1006 300 Ierosolimitane
1075 248 1309 300 ecclesie
1369 248 1667 300 subvenire
1726 248 1993 309 nitenteS,

140 338 304 373 cruce
356 323 591 388 accepta
643 337 743 388 per
785 320 1045 373 Greciam
1096 322 1206 373 iter
1246 322 1544 388 arripiunt,
1586 321 1685 372 ubi
1726 338 1757 372 a
1800 320 1994 372 Grecis

139 398 197 447 et
237 394 478 445 maxime
520 411 552 444 a
593 393 1246 462 Constantinopolitanis
1287 394 1483 445 multis
1510 394 1779 445 versuciis
1821 398 1877 446 et
1917 396 1994 445 in-

136 468 297 518 iuriis
337 468 547 519 irretiti
576 470 726 518 sunt.
795 468 959 520 Unde
988 469 1247 535 permoti,
1290 468 1592 534 profligata
1620 467 1769 518 circa
1798 468 1993 518 urbem

85 563 105 594 5
136 542 350 607 regiam
391 542 655 593 universa
694 542 924 609 regione
966 541 1228 607 belloque
1258 557 1385 591 cum
1413 540 1756 606 imperatore
1797 540 1994 591 habito
2017 582 2129 623 1004

136 615 370 682 ipsoque
413 631 539 665 cum
569 614 765 665 multis
804 614 1023 665 0001301
1064 614 1259 664 urbem
1290 613 1574 663 obsessam
1604 615 1995 679 expugnantes
2011 614 2216 676 (Ilm-2212,

136 689 462 756 irrumpunt
502 689 561 738 in
601 688 969 755 rapinamque
1011 686 1234 738 efferati
1271 702 1376 736 nec
1405 684 1658 736 ecclesiis
1698 688 1995 752 parcentes
2059 686 2087 712 θ’
2107 683 2176 720 13)·

137 762 260 812 auri
301 764 359 813 et
399 762 622 828 argenti
659 761 1011 826 aliarumque
1039 776 1227 810 rerum
1256 758 1670 810 inestimabiles
1698 759 1996 810 thesauros

137 836 526 902 diripuerunt,
582 833 919 885 Venecianis
985 849 1113 883 cum
1173 831 1395 882 Pisanis
1450 830 1997 899 Genuensibusquea

64 931 105 961 10
137 926 200 960 ac
242 908 438 958 multis
491 909 560 959 de
607 907 761 958 omni
801 900 1032 967 Italiab,
1089 904 1358 972 Ungaria,
1413 903 1734 967 Germania,
1791 904 1995 961 Gallia,

138 982 462 1050 Hyspania⁰
517 981 588 1031 ad
641 978 913 1030 auxilium
969 995 1163 1030 eorum
1216 995 1313 1045 spe
1374 978 1518 1030 lucri
1576 979 1822 1030 vicissim
1881 983 1998 1031 ten-

137 1055 404 1107 dentibus
425 1055 456 1103 2.
649 1053 854 1119 Itaque
895 1052 1092 1103 multis
1133 1053 1384 1103 occiduis
1425 1053 1752 1118 regionibus
1794 1053 1997 1104 divicie

138 1128 448 1179 Grecorum
488 1127 711 1177 invecte
740 1129 891 1183 sunt.
934 1143 998 1177 ac
1027 1126 1293 1193 precipue
1322 1129 1557 1177 ornatus
1584 1126 1802 1194 templi,
1846 1128 1997 1193 quod

134 1201 490 1252 Iustinianus
530 1201 840 1267 imperator
872 1195 967 1250 ind
1001 1201 1274 1251 honorem
1304 1216 1444 1267 agye
1474 1200 1681 1267 Sophie
1710 1201 1996 1267 quondam

61 1297 102 1328 15
135 1273 453 1325 construxit
471 1273 504 1334 3,
566 1273 750 1324 multo
803 1273 927 1323 auri
987 1277 1185 1325 extans
1245 1275 1495 1341 pondere
1556 1291 1684 1324 cum
1742 1273 1996 1341 reliquiis

135 1350 461 1399 sanctorum
501 1347 1023 1409 innumerabilium,
1073 1347 1277 1414 quibus
1318 1348 1422 1398 hec
1465 1348 1664 1398 civitas
1705 1348 1998 1415 prestabat

134 1422 289 1472 omni
329 1421 553 1482 orienti,
596 1420 904 1472 Veneciam
946 1437 1012 1472 ex
1053 1421 1298 1471 maxima
1334 1423 1494 1488 parte
1535 1421 1851 1472 translatus
1893 1425 1994 1482 est,

134 1495 261 1546 aliis
301 1495 629 1562 regionibus
671 1495 1112 1562 civitatibusque
1146 1494 1358 1546 eisdem
1398 1494 1654 1561 reliquiis
1694 1495 1996 1546 thesauris-

134 1585 241 1635 que
284 1569 590 1620 admodum
621 1568 836 1619 ditatis.
1009 1568 1275 1620 Preterea
1306 1568 1478 1619 abbas
1508 1568 1739 1635 quidam
1767 1569 1995 1620 nomine

14 1647 101 1696 '20
132 1643 416 1693 Martinus
469 1641 909 1710 Cysterciensis0
966 1642 1180 1693 ordinis
1234 1643 1303 1693 de
1355 1642 1698 1693 monasterio
1759 1642 1992 1703 Parisio,

135 1717 285 1782 quod
338 1716 512 1766 situm
565 1718 650 1767 est
701 1716 759 1765 in
812 1715 1068 1777 Alsacia,
1130 1715 1368 1767 eandem
1421 1716 1845 1782 expedicionem
1906 1733 1995 1783 ag—

133 1806 358 1856 gressus
424 1790 557 1840 huic
624 1790 1034 1856 expugnationi
1096 1788 1668 1856 Constantinopoleos
1727 1790 1994 1841 interfuit

132 1864 377 1930 indeque
418 1863 722 1913 maximam
761 1865 983 1929 partem
1023 1863 1243 1914 vivifice
1273 1863 1454 1914 crucis
1483 1862 1837 1929 aliarumque
1871 1863 1995 1915 reli-

134 1937 394 2003 quiarum
447 1936 859 1988 dominicarum
913 1953 1041 1987 cum
1101 1936 1295 1987 multis
1355 1939 1683 1988 sanctorum
1739 1936 1995 2003 reliquiis

59 2032 100 2063 25
133 2011 348 2061 ornatis
389 2027 526 2061 auro
569 2013 626 2062 et
667 2013 904 2077 argento
946 2013 1003 2061 et
1043 2010 1328 2077 lapidibus
1367 2010 1636 2077 preciosis
1663 2010 1723 2060 in
1750 2012 1993 2077 patriam

133 2084 468 2135 transtulit4
519 2084 720 2150 hisque
772 2086 954 2134 totam
1008 2082 1373 2135 Germaniam
1434 2101 1562 2135 cum
1622 2084 1846 2135 Alsatia
1905 2085 1994 2135 ad·
2015 2095 2142 2137 1205.

0 2172 100 2204 .33‘.>.
134 2158 365 2209 modum
406 2157 752 2208 nobilitavit.
930 2157 1045 2208 *Sic
1073 2158 1267 2224 itaque
1303 2158 1596 2209 districtus
1623 2158 1795 2209 iudex
1823 2159 1994 2209 omni-

133 2234 336 2299 potens
378 2231 535 2282 Deus
587 2231 826 2281 iniurias
877 2232 1305 2298 peregrinorum
1357 2248 1587 2282 suorum
1627 2232 1941 2282 vindicavit
1959 2232 1992 2291 5,

134 2322 242 2371 que
295 2323 327 2356 a
380 2303 575 2356 Grecis
628 2304 697 2355 ab
752 2305 986 2371 antiquo
1037 2305 1300 2356 omnibus
1340 2304 1652 2356 Ierusalem
1705 2322 1805 2372 per
1856 2306 1995 2357 fines

61 2401 102 2432 30
135 2395 264 2430 suos
323 2378 696 2430 tendentibus
761 2395 982 2445 semper
1044 2378 1298 2445 irrogata
1356 2373 1498 2439 estf,
1560 2377 1685 2429 deus
1742 2376 1992 2429 ultionum
2013 2398 2238 2437 Rs·.93,1.‘2.

132 2450 411 2516 Domina-9,
452 2451 683 2503 reddens
710 2450 1105 2502 retributionem
1142 2450 1394 2516 superbie,
1436 2468 1539 2503 nec
1580 2454 1773 2503 tamen
1813 2452 1873 2502 in
1912 2453 1996 2503 ira

135 2543 237 2577 sua
288 2526 712 2577 misericordieg
767 2525 979 2576 oblitus
998 2525 1031 2587 6,
1093 2526 1225 2592 quia
1275 2525 1382 2577 hoc
1441 2525 1734 2592 flagellum
1793 2543 1909 2577 non
1964 2544 1996 2576 a

134 2600 387 2667 paganiS,
430 2599 527 2650 sed
561 2616 593 2650 a
621 2598 962 2650 Christianis
1004 2616 1174 2667 super
1207 2599 1353 2650 filios
1382 2599 1710 2666 pestilencie
1750 2599 1992 2660 induxit,

134 2673 241 2724 hoc
282 2673 551 2723 nimirum
592 2673 808 2724 meritis
849 2675 1177 2724 sanctorum
1214 2672 1589 2740 exigentibus,
1632 2689 1703 2724 ne
1743 2673 1994 2740 preclare

60 2855 103 2887 35
312 2848 348 2884 a)
380 2845 475 2877 Gen.
510 2846 583 2876 alia
614 2854 722 2876 manu
756 2849 842 2876 τηατ.
876 2846 950 2876 ian.
984 2847 1016 2876 1.
1132 2846 1170 2885 b)
1194 2850 1246 2885 yt.
1274 2846 1305 2875 2.
1422 2847 1453 2883 c)
1480 2846 1585 2884 Hisp.
1614 2847 1646 2876 2.
1761 2845 1797 2885 d)
1822 2846 1860 2876 in
1886 2846 1938 2876 bis
1963 2847 1995 2876 2.

135 2889 168 2928 e)
194 2888 282 2922 Cist.
300 2890 342 2919 ’2.
444 2890 470 2928 f)
496 2890 547 2920 ita
572 2889 620 2930 (ξ)
646 2892 677 2920 1.
704 2890 737 2920 2.
830 2891 868 2929 g)
893 2890 976 2921 ml}
1001 2892 1031 2920 1.

316 3034 358 3090 1)
390 3035 548 3076 Postea
581 3050 622 3078 a.
649 3038 776 3083 1204.
806 3037 921 3089 Sept.
954 3037 1145 3078 Alexius
1175 3036 1224 3080 V.
1258 3037 1562 3090 Murzuphlus
1583 3042 1740 3090 captus
1761 3043 1799 3079 et
1818 3042 1997 3078 necatus

137 3099 208 3137 est.
331 3094 378 3147 2)
411 3094 485 3134 Ad
513 3107 631 3135 voces
662 3095 719 3147 cf.
751 3107 894 3147 supra
926 3107 958 3138 c.
983 3097 1052 3146 36,
1079 3109 1128 3148 p.
1152 3097 1221 3146 55,
1256 3096 1285 3137 Z.
1309 3098 1365 3139 23
1383 3109 1445 3149 sq.
1567 3096 1611 3148 3)
1643 3096 1709 3148 Cf.
1747 3095 1841 3137 Otto
1872 3096 1994 3138 Fris.

138 3151 301 3195 Chron.
335 3152 385 3205 V,
408 3155 450 3203 4,
475 3166 524 3204 p.
549 3155 647 3196 233.
798 3156 844 3198 4)
895 3152 961 3205 Cf.
1007 3153 1170 3194 Cho-on.
1214 3154 1436 3207 Ursperq„
1481 3154 1560 3197 SS.
1592 3155 1783 3205 XXIII,
1815 3169 1865 3207 p.
1895 3156 1994 3206 369,

61 3222 106 3252 40
139 3211 167 3254 l.
189 3213 247 3254 40
264 3224 380 3264 sqq.;
416 3211 638 3251 Guntheri
667 3211 786 3253 Hist.
823 3211 1196 3264 Constantinopol.
1228 3224 1260 3255 c.
1287 3215 1354 3255 19.
1378 3214 1434 3255 22
1449 3214 1567 3262 —26‚
1603 3211 1824 3263 Οαηὶεῖῑιε,
1862 3213 1993 3253 Anti-

137 3283 246 3322 quae
288 3271 481 3310 lectionis
521 3274 549 3313 t.
591 3270 639 3320 V,
663 3271 704 3321 2,
741 3283 791 3322 p.
825 3271 1089 3313 382—384.
1132 3271 1273 3313 387—
1288 3273 1388 3314 393.
1541 3270 1584 3325 5)
1629 3271 1784 3311 Iudith
1822 3273 1890 3319 16,
1914 3273 1994 3314 120:

136 3326 356 3369 Dominus
400 3327 520 3369 enim
564 3327 850 3381 omnipotens
892 3325 1140 3369 vindicabit
1186 3327 1231 3368 in
1272 3328 1347 3371 eis.
1487 3328 1531 3382 6)
1570 3329 1647 3372 PS.
1681 3330 1751 3381 76,
1775 3331 1853 3373 10:
1899 3328 1995 3370 Aut

137 3386 428 3429 obliviscetur
458 3386 660 3429 misereri
683 3383 839 3428 Deus‘?
873 3388 950 3427 aut
981 3385 1232 3428 continebit
1252 3385 1300 3427 in
1321 3385 1388 3427 ira
1412 3399 1490 3427 sua
1513 3386 1841 3428 misericordias
1863 3391 1995 3428 suas?

226 3473 312 3505 Otto
338 3474 383 3505 de
407 3474 444 3506 S.
471 3474 609 3506 Blasio.
1703 3476 1728 3518 6
