<?xml version="1.0" encoding="UTF-8"?>
<!DOCTYPE html PUBLIC "-//W3C//DTD XHTML 1.0 Transitional//EN"
    "http://www.w3.org/TR/xhtml1/DTD/xhtml1-transitional.dtd">
<html xmlns="http://www.w3.org/1999/xhtml" xml:lang="en" lang="en">
 <head>
  <title>
</title>
<meta http-equiv="Content-Type" content="text/html;charset=utf-8" />
  <meta name='ocr-system' content='tesseract 3.04.00' />
  <meta name='ocr-capabilities' content='ocr_page ocr_carea ocr_par ocr_line ocrx_word'/>
</head>
<body>
  <div class='ocr_page' id='page_1' title='image "./ottonisdesanctob00ottouoft/ottonisdesanctob00ottouoft_0056.png"; bbox 0 0 2377 3802; ppageno 0'>
   <div class='ocr_carea' id='block_1_1' title="bbox 205 495 329 536">
    <p class='ocr_par' dir='ltr' id='par_1_1' title="bbox 205 495 329 536">
     <span class='ocr_line' id='line_1_1' title="bbox 205 495 329 536; baseline -0.008 0"><span class='ocrx_word' id='word_1_1' title='bbox 205 495 329 536; x_wconf 72' lang='lat'>1174.</span> 
     </span>
    </p>
   </div>
   <div class='ocr_carea' id='block_1_2' title="bbox 103 2029 330 2124">
    <p class='ocr_par' dir='ltr' id='par_1_2' title="bbox 103 2029 330 2124">
     <span class='ocr_line' id='line_1_2' title="bbox 206 2029 330 2070; baseline -0.008 0"><span class='ocrx_word' id='word_1_2' title='bbox 206 2029 330 2070; x_wconf 79' lang='lat'>1175.</span> 
     </span>
     <span class='ocr_line' id='line_1_3' title="bbox 103 2086 329 2124; baseline 0.004 -8"><span class='ocrx_word' id='word_1_3' title='bbox 103 2086 228 2123; x_wconf 59' lang='lat' dir='ltr'>(April</span> <span class='ocrx_word' id='word_1_4' title='bbox 260 2086 329 2124; x_wconf 83' lang='lat'><em>13).</em></span> 
     </span>
    </p>
   </div>
   <div class='ocr_carea' id='block_1_3' title="bbox 349 105 1826 155">
    <p class='ocr_par' dir='ltr' id='par_1_3' title="bbox 349 105 1826 155">
     <span class='ocr_line' id='line_1_4' title="bbox 349 105 1826 155; baseline 0.009 -13"><span class='ocrx_word' id='word_1_5' title='bbox 349 114 406 155; x_wconf 77' lang='lat'>32</span> <span class='ocrx_word' id='word_1_6' title='bbox 731 105 999 150; x_wconf 83' lang='lat' dir='ltr'>OTTONIS</span> <span class='ocrx_word' id='word_1_7' title='bbox 1030 105 1113 148; x_wconf 89' lang='lat' dir='ltr'>DE</span> <span class='ocrx_word' id='word_1_8' title='bbox 1145 106 1189 151; x_wconf 91' lang='lat' dir='ltr'>S.</span> <span class='ocrx_word' id='word_1_9' title='bbox 1223 106 1453 150; x_wconf 89' lang='lat' dir='ltr'>BLASIO</span> <span class='ocrx_word' id='word_1_10' title='bbox 1487 106 1826 155; x_wconf 84' lang='lat' dir='ltr'>CHRONICA.</span> 
     </span>
    </p>
   </div>
   <div class='ocr_carea' id='block_1_4' title="bbox 348 257 2207 2829">
    <p class='ocr_par' dir='ltr' id='par_1_4' title="bbox 350 257 2199 455">
     <span class='ocr_line' id='line_1_5' title="bbox 351 257 2198 330; baseline 0.001 -20"><span class='ocrx_word' id='word_1_11' title='bbox 351 257 879 324; x_wconf 86' lang='lat' dir='ltr'>confluentibusque</span> <span class='ocrx_word' id='word_1_12' title='bbox 908 258 980 308; x_wconf 89' lang='lat' dir='ltr'>ad</span> <span class='ocrx_word' id='word_1_13' title='bbox 1009 276 1137 309; x_wconf 86' lang='lat' dir='ltr'>eum</span> <span class='ocrx_word' id='word_1_14' title='bbox 1161 259 1487 311; x_wconf 84' lang='lat' dir='ltr'>civitatibus</span> <span class='ocrx_word' id='word_1_15' title='bbox 1510 262 1820 313; x_wconf 85' lang='lat' dir='ltr'>auxiliariis</span> <span class='ocrx_word' id='word_1_16' title='bbox 1844 263 2198 330; x_wconf 87' lang='lat' dir='ltr'>procinctum</span> 
     </span>
     <span class='ocr_line' id='line_1_6' title="bbox 350 330 2199 400; baseline 0.003 -19"><span class='ocrx_word' id='word_1_17' title='bbox 350 330 753 383; x_wconf 79' lang='lat' dir='ltr'>Alexandriam</span> <span class='ocrx_word' id='word_1_18' title='bbox 795 347 986 382; x_wconf 82' lang='lat' dir='ltr'>versus</span> <span class='ocrx_word' id='word_1_19' title='bbox 1027 332 1204 383; x_wconf 86' lang='lat' dir='ltr'>movit</span> <span class='ocrx_word' id='word_1_20' title='bbox 1243 333 1534 400; x_wconf 82' lang='lat' dir='ltr'>ipsamque</span> <span class='ocrx_word' id='word_1_21' title='bbox 1577 335 1865 386; x_wconf 87' lang='lat' dir='ltr'>civitatem</span> <span class='ocrx_word' id='word_1_22' title='bbox 1907 336 2199 387; x_wconf 90' lang='lat' dir='ltr'>obsidione</span> 
     </span>
     <span class='ocr_line' id='line_1_7' title="bbox 350 405 541 455; baseline -0.01 0"><span class='ocrx_word' id='word_1_23' title='bbox 350 405 541 455; x_wconf 82' lang='lat' dir='ltr'>cinxit.</span> 
     </span>
    </p>

    <p class='ocr_par' dir='ltr' id='par_1_5' title="bbox 348 478 2207 2829">
     <span class='ocr_line' id='line_1_8' title="bbox 527 478 2199 532; baseline 0.003 -5"><span class='ocrx_word' id='word_1_24' title='bbox 527 481 612 528; x_wconf 80' lang='lat'>23.</span> <span class='ocrx_word' id='word_1_25' title='bbox 684 479 850 528; x_wconf 90' lang='lat' dir='ltr'>Anno</span> <span class='ocrx_word' id='word_1_26' title='bbox 903 478 1183 529; x_wconf 90' lang='lat' dir='ltr'>dominice</span> <span class='ocrx_word' id='word_1_27' title='bbox 1234 479 1644 531; x_wconf 89' lang='lat' dir='ltr'>incarnationis</span> <span class='ocrx_word' id='word_1_28' title='bbox 1702 481 2049 532; x_wconf 77' lang='lat' dir='ltr'>MOOLXXI.</span> <span class='ocrx_word' id='word_1_29' title='bbox 2110 483 2199 532; x_wconf 91' lang='lat' dir='ltr'>ob-</span> 
     </span>
     <span class='ocr_line' id='line_1_9' title="bbox 349 551 2201 623; baseline 0.002 -21"><span class='ocrx_word' id='word_1_30' title='bbox 349 568 499 602; x_wconf 90' lang='lat' dir='ltr'>sessa</span> <span class='ocrx_word' id='word_1_31' title='bbox 539 554 624 602; x_wconf 90' lang='lat' dir='ltr'>est</span> <span class='ocrx_word' id='word_1_32' title='bbox 665 551 879 602; x_wconf 81' lang='lat' dir='ltr'>civitas,</span> <span class='ocrx_word' id='word_1_33' title='bbox 961 551 1084 603; x_wconf 88' lang='lat' dir='ltr'>Hec</span> <span class='ocrx_word' id='word_1_34' title='bbox 1113 552 1333 603; x_wconf 90' lang='lat' dir='ltr'>obsidio</span> <span class='ocrx_word' id='word_1_35' title='bbox 1363 554 1508 603; x_wconf 91' lang='lat' dir='ltr'>nulli</span> <span class='ocrx_word' id='word_1_36' title='bbox 1534 555 1785 620; x_wconf 80' lang='lat' dir='ltr'>priorum</span> <span class='ocrx_word' id='word_1_37' title='bbox 1822 556 2201 623; x_wconf 83' lang='lat' dir='ltr'>comparanda</span> 
     </span>
     <span class='ocr_line' id='line_1_10' title="bbox 348 624 2198 688; baseline 0.003 -14"><span class='ocrx_word' id='word_1_38' title='bbox 348 628 472 675; x_wconf 88' lang='lat' dir='ltr'>tum</span> <span class='ocrx_word' id='word_1_39' title='bbox 512 624 624 675; x_wconf 92' lang='lat' dir='ltr'>loci</span> <span class='ocrx_word' id='word_1_40' title='bbox 664 625 1001 686; x_wconf 82' lang='lat' dir='ltr'>municione,</span> <span class='ocrx_word' id='word_1_41' title='bbox 1043 628 1167 675; x_wconf 89' lang='lat' dir='ltr'>tum</span> <span class='ocrx_word' id='word_1_42' title='bbox 1208 626 1415 677; x_wconf 89' lang='lat' dir='ltr'>civium</span> <span class='ocrx_word' id='word_1_43' title='bbox 1447 628 1839 678; x_wconf 87' lang='lat' dir='ltr'>resistencium</span> <span class='ocrx_word' id='word_1_44' title='bbox 1881 630 2198 688; x_wconf 80' lang='lat' dir='ltr'>atrocitate,</span> 
     </span>
     <span class='ocr_line' id='line_1_11' title="bbox 349 698 2201 767; baseline 0.002 -19"><span class='ocrx_word' id='word_1_45' title='bbox 349 702 473 749; x_wconf 91' lang='lat' dir='ltr'>tum</span> <span class='ocrx_word' id='word_1_46' title='bbox 512 698 761 748; x_wconf 90' lang='lat' dir='ltr'>militum</span> <span class='ocrx_word' id='word_1_47' title='bbox 791 699 1206 749; x_wconf 88' lang='lat' dir='ltr'>cesarianorum</span> <span class='ocrx_word' id='word_1_48' title='bbox 1243 701 1602 767; x_wconf 81' lang='lat' dir='ltr'>oppressione</span> <span class='ocrx_word' id='word_1_49' title='bbox 1644 704 1701 752; x_wconf 88' lang='lat' dir='ltr'>et</span> <span class='ocrx_word' id='word_1_50' title='bbox 1741 702 2035 764; x_wconf 91' lang='lat' dir='ltr'>occisione,</span> <span class='ocrx_word' id='word_1_51' title='bbox 2076 705 2201 752; x_wconf 86' lang='lat' dir='ltr'>tum</span> 
     </span>
     <span class='ocr_line' id='line_1_12' title="bbox 348 772 2200 842; baseline 0.002 -21"><span class='ocrx_word' id='word_1_52' title='bbox 348 773 618 838; x_wconf 85' lang='lat' dir='ltr'>temporis</span> <span class='ocrx_word' id='word_1_53' title='bbox 660 772 1040 823; x_wconf 88' lang='lat' dir='ltr'>diuturnitate</span> <span class='ocrx_word' id='word_1_54' title='bbox 1060 773 1091 821; x_wconf 77' lang='lat'>1.</span> <span class='ocrx_word' id='word_1_55' title='bbox 1172 773 1368 824; x_wconf 90' lang='lat' dir='ltr'>Nichil</span> <span class='ocrx_word' id='word_1_56' title='bbox 1415 774 1563 824; x_wconf 87' lang='lat' dir='ltr'>enim</span> <span class='ocrx_word' id='word_1_57' title='bbox 1613 774 1927 825; x_wconf 72' lang='lat' dir='ltr'>calamitati</span> <span class='ocrx_word' id='word_1_58' title='bbox 1968 778 2025 826; x_wconf 89' lang='lat' dir='ltr'>et</span> <span class='ocrx_word' id='word_1_59' title='bbox 2064 776 2200 842; x_wconf 88' lang='lat' dir='ltr'>peri-</span> 
     </span>
     <span class='ocr_line' id='line_1_13' title="bbox 350 845 2200 915; baseline 0.001 -19"><span class='ocrx_word' id='word_1_60' title='bbox 350 845 491 896; x_wconf 92' lang='lat' dir='ltr'>culis</span> <span class='ocrx_word' id='word_1_61' title='bbox 530 845 813 912; x_wconf 72' lang='lat' dir='ltr'>ydoneum</span> <span class='ocrx_word' id='word_1_62' title='bbox 855 846 946 896; x_wconf 89' lang='grc'>1110</span> <span class='ocrx_word' id='word_1_63' title='bbox 989 847 1191 908; x_wconf 80' lang='lat' dir='ltr'>defuit,</span> <span class='ocrx_word' id='word_1_64' title='bbox 1232 847 1412 898; x_wconf 86' lang='lat' dir='ltr'>nichil</span> <span class='ocrx_word' id='word_1_65' title='bbox 1441 848 1733 915; x_wconf 86' lang='lat' dir='ltr'>patrandis</span> <span class='ocrx_word' id='word_1_66' title='bbox 1761 849 1820 898; x_wconf 87' lang='lat' dir='ltr'>in</span> <span class='ocrx_word' id='word_1_67' title='bbox 1861 848 2200 900; x_wconf 85' lang='lat' dir='ltr'>alterutrum</span> 
     </span>
     <span class='ocr_line' id='line_1_14' title="bbox 349 918 2201 988; baseline 0.003 -21"><span class='ocrx_word' id='word_1_68' title='bbox 349 918 770 968; x_wconf 81' lang='lat' dir='ltr'>immanissimis</span> <span class='ocrx_word' id='word_1_69' title='bbox 820 919 1168 970; x_wconf 81' lang='lat' dir='ltr'>facinoribus</span> <span class='ocrx_word' id='word_1_70' title='bbox 1217 920 1532 988; x_wconf 87' lang='lat' dir='ltr'>impediens</span> <span class='ocrx_word' id='word_1_71' title='bbox 1582 921 1712 971; x_wconf 73' lang='lat' dir='ltr'>fuit.</span> <span class='ocrx_word' id='word_1_72' title='bbox 1805 921 1953 971; x_wconf 82' lang='lat' dir='ltr'>Nam</span> <span class='ocrx_word' id='word_1_73' title='bbox 2014 939 2201 973; x_wconf 84' lang='lat' dir='ltr'>cesare</span> 
     </span>
     <span class='ocr_line' id='line_1_15' title="bbox 349 991 2202 1062; baseline 0.002 -21"><span class='ocrx_word' id='word_1_74' title='bbox 349 992 663 1042; x_wconf 78' lang='lat' dir='ltr'>forinsecus</span> <span class='ocrx_word' id='word_1_75' title='bbox 717 991 964 1054; x_wconf 84' lang='lat' dir='ltr'>balistis,</span> <span class='ocrx_word' id='word_1_76' title='bbox 1019 993 1317 1055; x_wconf 78' lang='lat' dir='ltr'>arietibUS,</span> <span class='ocrx_word' id='word_1_77' title='bbox 1372 995 1716 1045; x_wconf 78' lang='lat' dir='ltr'>missilibusa</span> <span class='ocrx_word' id='word_1_78' title='bbox 1763 995 2027 1062; x_wconf 87' lang='lat' dir='ltr'>omnique</span> <span class='ocrx_word' id='word_1_79' title='bbox 2066 995 2202 1046; x_wconf 91' lang='lat' dir='ltr'>telo-</span> 
     </span>
     <span class='ocr_line' id='line_1_16' title="bbox 349 1066 2202 1131; baseline 0.002 -17"><span class='ocrx_word' id='word_1_80' title='bbox 349 1083 474 1114; x_wconf 92' lang='lat' dir='ltr'>rum</span> <span class='ocrx_word' id='word_1_81' title='bbox 515 1081 719 1131; x_wconf 86' lang='lat' dir='ltr'>genere</span> <span class='ocrx_word' id='word_1_82' title='bbox 761 1082 825 1115; x_wconf 89' lang='lat' dir='ltr'>ac</span> <span class='ocrx_word' id='word_1_83' title='bbox 868 1066 1101 1117; x_wconf 84' lang='lat' dir='ltr'>diversis</span> <span class='ocrx_word' id='word_1_84' title='bbox 1153 1068 1543 1118; x_wconf 88' lang='lat' dir='ltr'>machinarum</span> <span class='ocrx_word' id='word_1_85' title='bbox 1585 1069 1996 1131; x_wconf 81' lang='lat' dir='ltr'>instrumentiS,</span> <span class='ocrx_word' id='word_1_86' title='bbox 2039 1070 2202 1119; x_wconf 86' lang='lat' dir='ltr'>turri-</span> 
     </span>
     <span class='ocr_line' id='line_1_17' title="bbox 351 1136 2201 1209; baseline 0.002 -21"><span class='ocrx_word' id='word_1_87' title='bbox 351 1139 454 1189; x_wconf 86' lang='lat' dir='ltr'>bus</span> <span class='ocrx_word' id='word_1_88' title='bbox 494 1139 725 1205; x_wconf 88' lang='lat' dir='ltr'>insuper</span> <span class='ocrx_word' id='word_1_89' title='bbox 775 1138 931 1204; x_wconf 90' lang='lat' dir='ltr'>ligno</span> <span class='ocrx_word' id='word_1_90' title='bbox 985 1141 1292 1207; x_wconf 89' lang='lat' dir='ltr'>compactis</span> <span class='ocrx_word' id='word_1_91' title='bbox 1335 1136 1600 1193; x_wconf 77' lang='lat' dir='ltr'>civitateb</span> <span class='ocrx_word' id='word_1_92' title='bbox 1648 1142 2201 1209; x_wconf 73' lang='lat' dir='ltr'>supereminentibus</span> 
     </span>
     <span class='ocr_line' id='line_1_18' title="bbox 351 1212 2201 1282; baseline 0.002 -20"><span class='ocrx_word' id='word_1_93' title='bbox 351 1212 610 1272; x_wconf 80' lang='lat' dir='ltr'>admotiS,</span> <span class='ocrx_word' id='word_1_94' title='bbox 652 1212 932 1279; x_wconf 70' lang='lat' dir='ltr'>impositis</span> <span class='ocrx_word' id='word_1_95' title='bbox 962 1213 1240 1264; x_wconf 70' lang='lat' dir='ltr'>militibus</span> <span class='ocrx_word' id='word_1_96' title='bbox 1270 1217 1327 1266; x_wconf 87' lang='lat' dir='ltr'>et</span> <span class='ocrx_word' id='word_1_97' title='bbox 1355 1216 1719 1282; x_wconf 38' lang='lat' dir='ltr'>sagittariis&amp;</span> <span class='ocrx_word' id='word_1_98' title='bbox 1749 1216 1978 1267; x_wconf 78' lang='lat' dir='ltr'>fortiter</span> <span class='ocrx_word' id='word_1_99' title='bbox 2004 1216 2201 1267; x_wconf 90' lang='lat' dir='ltr'>urbem</span> 
     </span>
     <span class='ocr_line' id='line_1_19' title="bbox 349 1283 2203 1353; baseline 0.003 -19"><span class='ocrx_word' id='word_1_100' title='bbox 349 1286 731 1352; x_wconf 88' lang='lat' dir='ltr'>inpugnante,</span> <span class='ocrx_word' id='word_1_101' title='bbox 785 1283 1094 1353; x_wconf 77' lang='lat' dir='ltr'>oppidanid</span> <span class='ocrx_word' id='word_1_102' title='bbox 1144 1305 1258 1338; x_wconf 91' lang='lat' dir='ltr'>non</span> <span class='ocrx_word' id='word_1_103' title='bbox 1310 1289 1514 1340; x_wconf 90' lang='lat' dir='ltr'>minori</span> <span class='ocrx_word' id='word_1_104' title='bbox 1553 1290 1765 1340; x_wconf 86' lang='lat' dir='ltr'>virtute</span> <span class='ocrx_word' id='word_1_105' title='bbox 1819 1292 1876 1340; x_wconf 90' lang='lat' dir='ltr'>et</span> <span class='ocrx_word' id='word_1_106' title='bbox 1921 1289 2203 1340; x_wconf 88' lang='lat' dir='ltr'>industria</span> 
     </span>
     <span class='ocr_line' id='line_1_20' title="bbox 351 1359 2203 1430; baseline 0.003 -22"><span class='ocrx_word' id='word_1_107' title='bbox 351 1359 621 1408; x_wconf 91' lang='lat' dir='ltr'>similium</span> <span class='ocrx_word' id='word_1_108' title='bbox 651 1360 1040 1410; x_wconf 88' lang='lat' dir='ltr'>machinarum</span> <span class='ocrx_word' id='word_1_109' title='bbox 1071 1362 1466 1413; x_wconf 87' lang='lat' dir='ltr'>instrumentis</span> <span class='ocrx_word' id='word_1_110' title='bbox 1505 1362 1730 1414; x_wconf 89' lang='lat' dir='ltr'>illatum</span> <span class='ocrx_word' id='word_1_111' title='bbox 1759 1363 1866 1414; x_wconf 91' lang='lat' dir='ltr'>sibi</span> <span class='ocrx_word' id='word_1_112' title='bbox 1895 1365 2203 1430; x_wconf 87' lang='lat' dir='ltr'>dampnum</span> 
     </span>
     <span class='ocr_line' id='line_1_21' title="bbox 349 1436 2203 1504; baseline 0.002 -22"><span class='ocrx_word' id='word_1_113' title='bbox 349 1436 880 1499; x_wconf 78' lang='lat' dir='ltr'>recompensantese</span> <span class='ocrx_word' id='word_1_114' title='bbox 922 1436 1362 1501; x_wconf 79' lang='lat' dir='ltr'>magnanimiter</span> <span class='ocrx_word' id='word_1_115' title='bbox 1401 1437 1770 1487; x_wconf 84' lang='lat' dir='ltr'>vindicabant</span> <span class='ocrx_word' id='word_1_116' title='bbox 1811 1454 1874 1488; x_wconf 91' lang='lat' dir='ltr'>ac</span> <span class='ocrx_word' id='word_1_117' title='bbox 1916 1437 2203 1504; x_wconf 87' lang='lat' dir='ltr'>sepissime</span> 
     </span>
     <span class='ocr_line' id='line_1_22' title="bbox 352 1506 2204 1577; baseline 0.002 -20"><span class='ocrx_word' id='word_1_118' title='bbox 352 1506 628 1557; x_wconf 88' lang='lat' dir='ltr'>ordinatis</span> <span class='ocrx_word' id='word_1_119' title='bbox 669 1507 990 1574; x_wconf 81' lang='lat' dir='ltr'>agminibus</span> <span class='ocrx_word' id='word_1_120' title='bbox 1030 1509 1209 1575; x_wconf 88' lang='lat' dir='ltr'>portis</span> <span class='ocrx_word' id='word_1_121' title='bbox 1250 1513 1609 1577; x_wconf 86' lang='lat' dir='ltr'>erumpentes</span> <span class='ocrx_word' id='word_1_122' title='bbox 1652 1511 1953 1561; x_wconf 88' lang='lat' dir='ltr'>cesarianis</span> <span class='ocrx_word' id='word_1_123' title='bbox 1994 1510 2204 1577; x_wconf 89' lang='lat' dir='ltr'>gladio-</span> 
     </span>
     <span class='ocr_line' id='line_1_23' title="bbox 351 1581 2206 1650; baseline 0.002 -21"><span class='ocrx_word' id='word_1_124' title='bbox 351 1582 519 1630; x_wconf 91' lang='lat' dir='ltr'>tenus</span> <span class='ocrx_word' id='word_1_125' title='bbox 549 1581 1078 1646; x_wconf 82' lang='lat' dir='ltr'>congrediebantur,</span> <span class='ocrx_word' id='word_1_126' title='bbox 1117 1599 1247 1649; x_wconf 87' lang='lat' dir='ltr'>sepe</span> <span class='ocrx_word' id='word_1_127' title='bbox 1274 1584 1587 1650; x_wconf 89' lang='lat' dir='ltr'>repentinis</span> <span class='ocrx_word' id='word_1_128' title='bbox 1614 1585 1934 1634; x_wconf 89' lang='lat' dir='ltr'>incursibus</span> <span class='ocrx_word' id='word_1_129' title='bbox 1965 1584 2206 1634; x_wconf 85' lang='lat' dir='ltr'>maxima</span> 
     </span>
     <span class='ocr_line' id='line_1_24' title="bbox 352 1653 2204 1720; baseline 0.002 -16"><span class='ocrx_word' id='word_1_130' title='bbox 352 1653 591 1720; x_wconf 86' lang='lat' dir='ltr'>patratis</span> <span class='ocrx_word' id='word_1_131' title='bbox 632 1654 871 1705; x_wconf 88' lang='lat' dir='ltr'>audacia</span> <span class='ocrx_word' id='word_1_132' title='bbox 911 1655 1103 1706; x_wconf 89' lang='lat' dir='ltr'>hostes</span> <span class='ocrx_word' id='word_1_133' title='bbox 1146 1657 1565 1707; x_wconf 82' lang='lat' dir='ltr'>adoriebantur.</span> <span class='ocrx_word' id='word_1_134' title='bbox 1738 1657 1969 1709; x_wconf 86' lang='lat' dir='ltr'>Interea-</span> <span class='ocrx_word' id='word_1_135' title='bbox 1995 1657 2204 1708; x_wconf 90' lang='lat' dir='ltr'>Medio-</span> 
     </span>
     <span class='ocr_line' id='line_1_25' title="bbox 352 1727 2206 1782; baseline 0.002 -6"><span class='ocrx_word' id='word_1_136' title='bbox 352 1727 610 1778; x_wconf 86' lang='lat' dir='ltr'>lanenses</span> <span class='ocrx_word' id='word_1_137' title='bbox 652 1730 709 1778; x_wconf 92' lang='lat' dir='ltr'>et</span> <span class='ocrx_word' id='word_1_138' title='bbox 737 1727 1088 1779; x_wconf 86' lang='lat' dir='ltr'>Veronenses</span> <span class='ocrx_word' id='word_1_139' title='bbox 1129 1730 1374 1781; x_wconf 89' lang='lat' dir='ltr'>conflato</span> <span class='ocrx_word' id='word_1_140' title='bbox 1417 1748 1483 1782; x_wconf 83' lang='lat' dir='ltr'>ex</span> <span class='ocrx_word' id='word_1_141' title='bbox 1512 1731 1838 1782; x_wconf 87' lang='lat' dir='ltr'>civitatibus</span> <span class='ocrx_word' id='word_1_142' title='bbox 1879 1731 1987 1782; x_wconf 90' lang='lat' dir='ltr'>sibi</span> <span class='ocrx_word' id='word_1_143' title='bbox 2017 1731 2206 1782; x_wconf 79' lang='lat' dir='ltr'>faven-</span> 
     </span>
     <span class='ocr_line' id='line_1_26' title="bbox 350 1801 2205 1872; baseline 0.002 -22"><span class='ocrx_word' id='word_1_144' title='bbox 350 1801 505 1851; x_wconf 85' lang='lat' dir='ltr'>tibus</span> <span class='ocrx_word' id='word_1_145' title='bbox 557 1802 808 1852; x_wconf 83' lang='lat' dir='ltr'>exercitu</span> <span class='ocrx_word' id='word_1_146' title='bbox 861 1819 987 1852; x_wconf 88' lang='lat' dir='ltr'>cum</span> <span class='ocrx_word' id='word_1_147' title='bbox 1041 1820 1227 1854; x_wconf 87' lang='lat' dir='ltr'>cesare</span> <span class='ocrx_word' id='word_1_148' title='bbox 1280 1804 1339 1854; x_wconf 91' lang='lat' dir='ltr'>in</span> <span class='ocrx_word' id='word_1_149' title='bbox 1392 1804 1684 1856; x_wconf 89' lang='lat' dir='ltr'>obsidione</span> <span class='ocrx_word' id='word_1_150' title='bbox 1733 1805 1980 1855; x_wconf 86' lang='lat' dir='ltr'>civitatis</span> <span class='ocrx_word' id='word_1_151' title='bbox 2020 1805 2205 1872; x_wconf 82' lang='lat' dir='ltr'>posito</span> 
     </span>
     <span class='ocr_line' id='line_1_27' title="bbox 353 1875 2204 1946; baseline 0.002 -22"><span class='ocrx_word' id='word_1_152' title='bbox 353 1875 623 1940; x_wconf 80' lang='lat' dir='ltr'>congredi</span> <span class='ocrx_word' id='word_1_153' title='bbox 651 1878 993 1937; x_wconf 84' lang='lat' dir='ltr'>statuerunt,</span> <span class='ocrx_word' id='word_1_154' title='bbox 1024 1879 1089 1926; x_wconf 91' lang='lat' dir='ltr'>ut</span> <span class='ocrx_word' id='word_1_155' title='bbox 1119 1879 1175 1927; x_wconf 86' lang='lat' dir='ltr'>et</span> <span class='ocrx_word' id='word_1_156' title='bbox 1203 1877 1308 1939; x_wconf 88' lang='lat' dir='ltr'>his,</span> <span class='ocrx_word' id='word_1_157' title='bbox 1338 1878 1434 1944; x_wconf 90' lang='lat' dir='ltr'>qui</span> <span class='ocrx_word' id='word_1_158' title='bbox 1462 1878 1756 1929; x_wconf 89' lang='lat' dir='ltr'>obsidione</span> <span class='ocrx_word' id='word_1_159' title='bbox 1784 1878 2204 1946; x_wconf 78' lang='lat' dir='ltr'>premebantur,</span> 
     </span>
     <span class='ocr_line' id='line_1_28' title="bbox 351 1944 2206 2015; baseline 0.003 -18"><span class='ocrx_word' id='word_1_160' title='bbox 351 1950 631 2015; x_wconf 88' lang='lat' dir='ltr'>oportune</span> <span class='ocrx_word' id='word_1_161' title='bbox 683 1944 1120 2000; x_wconf 80' lang='lat' dir='ltr'>concurrerentf</span> <span class='ocrx_word' id='word_1_162' title='bbox 1167 1954 1223 2002; x_wconf 91' lang='lat' dir='ltr'>et</span> <span class='ocrx_word' id='word_1_163' title='bbox 1273 1969 1466 2002; x_wconf 91' lang='lat' dir='ltr'>rursus</span> <span class='ocrx_word' id='word_1_164' title='bbox 1519 1952 1588 2003; x_wconf 89' lang='lat' dir='ltr'>ab</span> <span class='ocrx_word' id='word_1_165' title='bbox 1637 1953 1716 2003; x_wconf 90' lang='lat' dir='ltr'>eis</span> <span class='ocrx_word' id='word_1_166' title='bbox 1757 1953 1940 2003; x_wconf 87' lang='lat' dir='ltr'>adiuti</span> <span class='ocrx_word' id='word_1_167' title='bbox 1978 1952 2206 2003; x_wconf 79' lang='lat' dir='ltr'>facilius</span> 
     </span>
     <span class='ocr_line' id='line_1_29' title="bbox 351 2022 2205 2093; baseline 0.003 -23"><span class='ocrx_word' id='word_1_168' title='bbox 351 2022 750 2088; x_wconf 90' lang='lat' dir='ltr'>imperatorem</span> <span class='ocrx_word' id='word_1_169' title='bbox 780 2027 1128 2090; x_wconf 88' lang='lat' dir='ltr'>superarent.</span> <span class='ocrx_word' id='word_1_170' title='bbox 1198 2023 1321 2088; x_wconf 76' lang='lat' dir='ltr'>Quo</span> <span class='ocrx_word' id='word_1_171' title='bbox 1352 2029 1640 2093; x_wconf 87' lang='lat' dir='ltr'>comperto</span> <span class='ocrx_word' id='word_1_172' title='bbox 1671 2043 1825 2077; x_wconf 89' lang='lat' dir='ltr'>cesar</span> <span class='ocrx_word' id='word_1_173' title='bbox 1854 2026 2205 2077; x_wconf 87' lang='lat' dir='ltr'>obsidionem</span> 
     </span>
     <span class='ocr_line' id='line_1_30' title="bbox 351 2095 2207 2167; baseline 0.003 -22"><span class='ocrx_word' id='word_1_174' title='bbox 351 2095 521 2145; x_wconf 83' lang='lat' dir='ltr'>solvit</span> <span class='ocrx_word' id='word_1_175' title='bbox 562 2099 618 2146; x_wconf 91' lang='lat' dir='ltr'>et</span> <span class='ocrx_word' id='word_1_176' title='bbox 657 2113 690 2146; x_wconf 90' lang='lat' dir='ltr'>a</span> <span class='ocrx_word' id='word_1_177' title='bbox 730 2097 962 2148; x_wconf 87' lang='lat' dir='ltr'>civitate</span> <span class='ocrx_word' id='word_1_178' title='bbox 1001 2098 1272 2161; x_wconf 68' lang='lat' dir='ltr'>receditg,</span> <span class='ocrx_word' id='word_1_179' title='bbox 1326 2100 1591 2165; x_wconf 87' lang='lat' dir='ltr'>quoniam</span> <span class='ocrx_word' id='word_1_180' title='bbox 1644 2117 1767 2151; x_wconf 88' lang='lat' dir='ltr'>eam</span> <span class='ocrx_word' id='word_1_181' title='bbox 1813 2116 2077 2167; x_wconf 88' lang='lat' dir='ltr'>superare</span> <span class='ocrx_word' id='word_1_182' title='bbox 2116 2116 2207 2150; x_wconf 89' lang='lat' dir='ltr'>ne-</span> 
     </span>
     <span class='ocr_line' id='line_1_31' title="bbox 351 2169 2205 2240; baseline 0.003 -22"><span class='ocrx_word' id='word_1_183' title='bbox 351 2169 549 2235; x_wconf 84' lang='lat' dir='ltr'>quivit.</span> <span class='ocrx_word' id='word_1_184' title='bbox 641 2169 802 2221; x_wconf 83' lang='lat' dir='ltr'>Cives</span> <span class='ocrx_word' id='word_1_185' title='bbox 855 2171 1005 2221; x_wconf 90' lang='lat' dir='ltr'>enim</span> <span class='ocrx_word' id='word_1_186' title='bbox 1056 2174 1242 2223; x_wconf 87' lang='lat' dir='ltr'>turres</span> <span class='ocrx_word' id='word_1_187' title='bbox 1295 2172 1538 2239; x_wconf 80' lang='lat' dir='ltr'>ligneaS,</span> <span class='ocrx_word' id='word_1_188' title='bbox 1592 2190 1731 2240; x_wconf 90' lang='lat' dir='ltr'>quas</span> <span class='ocrx_word' id='word_1_189' title='bbox 1783 2190 1939 2225; x_wconf 89' lang='lat' dir='ltr'>cesar</span> <span class='ocrx_word' id='word_1_190' title='bbox 1990 2174 2061 2224; x_wconf 90' lang='lat' dir='ltr'>ad</span> <span class='ocrx_word' id='word_1_191' title='bbox 2121 2190 2205 2224; x_wconf 65' lang='lat' dir='ltr'>exn</span> 
     </span>
     <span class='ocr_line' id='line_1_32' title="bbox 352 2243 2205 2314; baseline 0.002 -20"><span class='ocrx_word' id='word_1_192' title='bbox 352 2243 758 2309; x_wconf 86' lang='lat' dir='ltr'>pugnationem</span> <span class='ocrx_word' id='word_1_193' title='bbox 802 2244 1050 2311; x_wconf 89' lang='lat' dir='ltr'>ipsorum</span> <span class='ocrx_word' id='word_1_194' title='bbox 1092 2246 1324 2308; x_wconf 77' lang='lat' dir='ltr'>fecerat,</span> <span class='ocrx_word' id='word_1_195' title='bbox 1370 2263 1496 2297; x_wconf 89' lang='lat' dir='ltr'>cum</span> <span class='ocrx_word' id='word_1_196' title='bbox 1538 2247 1770 2298; x_wconf 88' lang='lat' dir='ltr'>armatis</span> <span class='ocrx_word' id='word_1_197' title='bbox 1800 2249 2041 2314; x_wconf 90' lang='lat' dir='ltr'>desuper</span> <span class='ocrx_word' id='word_1_198' title='bbox 2081 2263 2205 2298; x_wconf 89' lang='lat' dir='ltr'>con-</span> 
     </span>
     <span class='ocr_line' id='line_1_33' title="bbox 350 2314 2204 2388; baseline 0.003 -22"><span class='ocrx_word' id='word_1_199' title='bbox 350 2316 684 2368; x_wconf 85' lang='lat' dir='ltr'>sistentibus</span> <span class='ocrx_word' id='word_1_200' title='bbox 735 2335 835 2384; x_wconf 91' lang='lat' dir='ltr'>per</span> <span class='ocrx_word' id='word_1_201' title='bbox 886 2318 1280 2371; x_wconf 83' lang='lat' dir='ltr'>suffossionem</span> <span class='ocrx_word' id='word_1_202' title='bbox 1333 2314 1453 2371; x_wconf 91' lang='lat' dir='ltr'>bish</span> <span class='ocrx_word' id='word_1_203' title='bbox 1500 2317 1766 2372; x_wconf 88' lang='lat' dir='ltr'>deiectisi</span> <span class='ocrx_word' id='word_1_204' title='bbox 1810 2322 1931 2388; x_wconf 88' lang='lat' dir='ltr'>igni</span> <span class='ocrx_word' id='word_1_205' title='bbox 1987 2337 2204 2372; x_wconf 89' lang='lat' dir='ltr'>concre-</span> 
     </span>
     <span class='ocr_line' id='line_1_34' title="bbox 352 2386 2204 2459; baseline 0.003 -20"><span class='ocrx_word' id='word_1_206' title='bbox 352 2386 615 2441; x_wconf 74' lang='lat' dir='ltr'>maruntk</span> <span class='ocrx_word' id='word_1_207' title='bbox 654 2409 1034 2459; x_wconf 89' lang='lat' dir='ltr'>magnumque</span> <span class='ocrx_word' id='word_1_208' title='bbox 1077 2410 1143 2444; x_wconf 75' lang='lat' dir='ltr'>ex</span> <span class='ocrx_word' id='word_1_209' title='bbox 1182 2393 1287 2444; x_wconf 87' lang='lat' dir='ltr'>hoc</span> <span class='ocrx_word' id='word_1_210' title='bbox 1331 2395 1737 2446; x_wconf 87' lang='lat' dir='ltr'>detrimentum</span> <span class='ocrx_word' id='word_1_211' title='bbox 1774 2389 2076 2446; x_wconf 80' lang='lat' dir='ltr'>exercituil</span> <span class='ocrx_word' id='word_1_212' title='bbox 2126 2394 2204 2444; x_wconf 89' lang='lat' dir='ltr'>in-</span> 
     </span>
     <span class='ocr_line' id='line_1_35' title="bbox 350 2464 2203 2535; baseline 0.002 -22"><span class='ocrx_word' id='word_1_213' title='bbox 350 2464 626 2515; x_wconf 86' lang='lat' dir='ltr'>tulerunt.</span> <span class='ocrx_word' id='word_1_214' title='bbox 725 2464 895 2516; x_wconf 86' lang='lat' dir='ltr'>Cesar</span> <span class='ocrx_word' id='word_1_215' title='bbox 958 2467 1151 2533; x_wconf 89' lang='lat' dir='ltr'>itaque</span> <span class='ocrx_word' id='word_1_216' title='bbox 1216 2484 1438 2519; x_wconf 86' lang='lat' dir='ltr'>omnem</span> <span class='ocrx_word' id='word_1_217' title='bbox 1503 2468 1786 2535; x_wconf 88' lang='lat' dir='ltr'>reliquum</span> <span class='ocrx_word' id='word_1_218' title='bbox 1850 2470 2203 2535; x_wconf 86' lang='lat' dir='ltr'>apparatum,</span> 
     </span>
     <span class='ocr_line' id='line_1_36' title="bbox 352 2540 2204 2608; baseline 0.003 -21"><span class='ocrx_word' id='word_1_219' title='bbox 352 2555 517 2603; x_wconf 83' lang='lat' dir='ltr'>quem</span> <span class='ocrx_word' id='word_1_220' title='bbox 560 2540 631 2588; x_wconf 83' lang='lat' dir='ltr'>ad</span> <span class='ocrx_word' id='word_1_221' title='bbox 673 2540 1154 2606; x_wconf 80' lang='lat' dir='ltr'>expugnat-ionem</span> <span class='ocrx_word' id='word_1_222' title='bbox 1193 2541 1371 2608; x_wconf 87' lang='lat' dir='ltr'>ipsius</span> <span class='ocrx_word' id='word_1_223' title='bbox 1413 2542 1660 2592; x_wconf 82' lang='lat' dir='ltr'>civitatis</span> <span class='ocrx_word' id='word_1_224' title='bbox 1700 2543 1932 2603; x_wconf 78' lang='lat' dir='ltr'>fecerat,</span> <span class='ocrx_word' id='word_1_225' title='bbox 1986 2541 2204 2592; x_wconf 82' lang='lat' dir='ltr'>scilicet</span> 
     </span>
     <span class='ocr_line' id='line_1_37' title="bbox 349 2611 2203 2679; baseline 0.002 -19"><span class='ocrx_word' id='word_1_226' title='bbox 349 2611 552 2678; x_wconf 83' lang='lat' dir='ltr'>talpas,</span> <span class='ocrx_word' id='word_1_227' title='bbox 595 2612 940 2679; x_wconf 57' lang='lat' dir='ltr'>vulpeculas</span> <span class='ocrx_word' id='word_1_228' title='bbox 984 2614 1197 2675; x_wconf 82' lang='lat' dir='ltr'>ericiOS,</span> <span class='ocrx_word' id='word_1_229' title='bbox 1242 2616 1462 2665; x_wconf 76' lang='lat' dir='ltr'>cattos²</span> <span class='ocrx_word' id='word_1_230' title='bbox 1513 2643 1582 2649; x_wconf 91' lang='lat'>—-</span> <span class='ocrx_word' id='word_1_231' title='bbox 1632 2615 1846 2666; x_wconf 88' lang='lat' dir='ltr'>talibus</span> <span class='ocrx_word' id='word_1_232' title='bbox 1892 2616 2040 2666; x_wconf 89' lang='lat' dir='ltr'>enim</span> <span class='ocrx_word' id='word_1_233' title='bbox 2084 2632 2203 2666; x_wconf 92' lang='lat' dir='ltr'>cen-</span> 
     </span>
     <span class='ocr_line' id='line_1_38' title="bbox 352 2686 2203 2755; baseline 0.003 -22"><span class='ocrx_word' id='word_1_234' title='bbox 352 2688 547 2734; x_wconf 87' lang='lat' dir='ltr'>sentur</span> <span class='ocrx_word' id='word_1_235' title='bbox 587 2686 908 2736; x_wconf 85' lang='lat' dir='ltr'>nominibus</span> <span class='ocrx_word' id='word_1_236' title='bbox 949 2714 1020 2719; x_wconf 89' lang='lat'>-—</span> <span class='ocrx_word' id='word_1_237' title='bbox 1061 2688 1219 2737; x_wconf 80' lang='lat' dir='ltr'>exuri</span> <span class='ocrx_word' id='word_1_238' title='bbox 1259 2689 1512 2755; x_wconf 87' lang='lat' dir='ltr'>precepit</span> <span class='ocrx_word' id='word_1_239' title='bbox 1538 2689 1901 2755; x_wconf 84' lang='lat' dir='ltr'>venientique</span> <span class='ocrx_word' id='word_1_240' title='bbox 1931 2689 2203 2740; x_wconf 82' lang='lat' dir='ltr'>exercitui</span> 
     </span>
     <span class='ocr_line' id='line_1_39' title="bbox 352 2758 2200 2829; baseline 0.003 -22"><span class='ocrx_word' id='word_1_241' title='bbox 352 2758 573 2808; x_wconf 82' lang='lat' dir='ltr'>obviam</span> <span class='ocrx_word' id='word_1_242' title='bbox 605 2760 892 2825; x_wconf 88' lang='lat' dir='ltr'>processit,</span> <span class='ocrx_word' id='word_1_243' title='bbox 932 2762 996 2809; x_wconf 87' lang='lat' dir='ltr'>ut</span> <span class='ocrx_word' id='word_1_244' title='bbox 1025 2763 1157 2810; x_wconf 82' lang='lat' dir='ltr'>ante</span> <span class='ocrx_word' id='word_1_245' title='bbox 1185 2761 1454 2812; x_wconf 82' lang='lat' dir='ltr'>videlicet</span> <span class='ocrx_word' id='word_1_246' title='bbox 1483 2779 1606 2812; x_wconf 91' lang='lat' dir='ltr'>cum</span> <span class='ocrx_word' id='word_1_247' title='bbox 1640 2763 1718 2812; x_wconf 90' lang='lat' dir='ltr'>eis</span> <span class='ocrx_word' id='word_1_248' title='bbox 1748 2763 2200 2829; x_wconf 84' lang='lat' dir='ltr'>congrederetur,</span> 
     </span>
    </p>
   </div>
   <div class='ocr_carea' id='block_1_5' title="bbox 2238 938 2276 968">
    <p class='ocr_par' dir='ltr' id='par_1_6' title="bbox 2238 938 2276 968">
     <span class='ocr_line' id='line_1_40' title="bbox 2238 938 2276 968; baseline 0.053 -2"><span class='ocrx_word' id='word_1_249' title='bbox 2238 938 2276 968; x_wconf 86' lang='lat'>10</span> 
     </span>
    </p>
   </div>
   <div class='ocr_carea' id='block_1_6' title="bbox 2237 1303 2278 1335">
    <p class='ocr_par' dir='ltr' id='par_1_7' title="bbox 2237 1303 2278 1335">
     <span class='ocr_line' id='line_1_41' title="bbox 2237 1303 2278 1335; baseline 0.024 -1"><span class='ocrx_word' id='word_1_250' title='bbox 2237 1303 2278 1335; x_wconf 86' lang='lat'>15</span> 
     </span>
    </p>
   </div>
   <div class='ocr_carea' id='block_1_7' title="bbox 2239 1671 2281 1703">
    <p class='ocr_par' dir='ltr' id='par_1_8' title="bbox 2239 1671 2281 1703">
     <span class='ocr_line' id='line_1_42' title="bbox 2239 1671 2281 1703; baseline 0.024 -1"><span class='ocrx_word' id='word_1_251' title='bbox 2239 1671 2281 1703; x_wconf 77' lang='lat'>20</span> 
     </span>
    </p>
   </div>
   <div class='ocr_carea' id='block_1_8' title="bbox 2239 2039 2281 2070">
    <p class='ocr_par' dir='ltr' id='par_1_9' title="bbox 2239 2039 2281 2070">
     <span class='ocr_line' id='line_1_43' title="bbox 2239 2039 2281 2070; baseline 0 0"><span class='ocrx_word' id='word_1_252' title='bbox 2239 2039 2281 2070; x_wconf 79' lang='lat'>25</span> 
     </span>
    </p>
   </div>
   <div class='ocr_carea' id='block_1_9' title="bbox 2237 2413 2280 2443">
    <p class='ocr_par' dir='ltr' id='par_1_10' title="bbox 2237 2413 2280 2443">
     <span class='ocr_line' id='line_1_44' title="bbox 2237 2413 2280 2443; baseline 0 0"><span class='ocrx_word' id='word_1_253' title='bbox 2237 2413 2280 2443; x_wconf 87' lang='lat'>30</span> 
     </span>
    </p>
   </div>
   <div class='ocr_carea' id='block_1_10' title="bbox 2237 2779 2278 2811">
    <p class='ocr_par' dir='ltr' id='par_1_11' title="bbox 2237 2779 2278 2811">
     <span class='ocr_line' id='line_1_45' title="bbox 2237 2779 2278 2811; baseline -0.024 0"><span class='ocrx_word' id='word_1_254' title='bbox 2237 2779 2278 2811; x_wconf 83' lang='lat'>35</span> 
     </span>
    </p>
   </div>
   <div class='ocr_carea' id='block_1_11' title="bbox 353 2833 2262 2902">
    <p class='ocr_par' dir='ltr' id='par_1_12' title="bbox 353 2833 2262 2902">
     <span class='ocr_line' id='line_1_46' title="bbox 353 2833 2262 2902; baseline 0.004 -22"><span class='ocrx_word' id='word_1_255' title='bbox 353 2848 519 2896; x_wconf 85' lang='lat' dir='ltr'>quam</span> <span class='ocrx_word' id='word_1_256' title='bbox 574 2849 698 2882; x_wconf 87' lang='lat' dir='ltr'>cum</span> <span class='ocrx_word' id='word_1_257' title='bbox 753 2833 1152 2884; x_wconf 82' lang='lat' dir='ltr'>Alexandrinis</span> <span class='ocrx_word' id='word_1_258' title='bbox 1213 2835 1711 2902; x_wconf 87' lang='lat' dir='ltr'>coniungerentur.</span> <span class='ocrx_word' id='word_1_259' title='bbox 1810 2835 1953 2886; x_wconf 84' lang='lat' dir='ltr'>Cum</span> <span class='ocrx_word' id='word_1_260' title='bbox 2010 2837 2203 2902; x_wconf 91' lang='lat' dir='ltr'>itaque</span> <span class='ocrx_word' id='word_1_261' title='bbox 2260 2842 2262 2846; x_wconf 70' lang='grc'><strong>“</strong></span> 
     </span>
    </p>
   </div>
   <div class='ocr_carea' id='block_1_12' title="bbox 352 2975 2204 3239">
    <p class='ocr_par' dir='ltr' id='par_1_13' title="bbox 352 2975 2204 3239">
     <span class='ocr_line' id='line_1_47' title="bbox 529 2975 2204 3017; baseline 0.003 -13"><span class='ocrx_word' id='word_1_262' title='bbox 529 2975 566 3013; x_wconf 88' lang='lat' dir='ltr'>a)</span> <span class='ocrx_word' id='word_1_263' title='bbox 589 2975 765 3014; x_wconf 80' lang='lat' dir='ltr'>missilb3,</span> <span class='ocrx_word' id='word_1_264' title='bbox 792 2975 851 3005; x_wconf 90' lang='lat' dir='ltr'>-il-</span> <span class='ocrx_word' id='word_1_265' title='bbox 876 2984 892 3005; x_wconf 84' lang='lat' dir='ltr'>e</span> <span class='ocrx_word' id='word_1_266' title='bbox 916 2985 1008 3009; x_wconf 80' lang='lat' dir='ltr'>corr.</span> <span class='ocrx_word' id='word_1_267' title='bbox 1035 2977 1066 3007; x_wconf 92' lang='lat'>1.</span> <span class='ocrx_word' id='word_1_268' title='bbox 1161 2977 1197 3014; x_wconf 90' lang='lat' dir='ltr'>b)</span> <span class='ocrx_word' id='word_1_269' title='bbox 1222 2977 1375 3007; x_wconf 58' lang='lat' dir='ltr'>ciuitate</span> <span class='ocrx_word' id='word_1_270' title='bbox 1398 2978 1428 3011; x_wconf 72' lang='lat'>⁶2.</span> <span class='ocrx_word' id='word_1_271' title='bbox 1513 2983 1548 3017; x_wconf 82' lang='lat' dir='ltr'>c)</span> <span class='ocrx_word' id='word_1_272' title='bbox 1574 2979 1761 3017; x_wconf 85' lang='lat' dir='ltr'>sagitariis</span> <span class='ocrx_word' id='word_1_273' title='bbox 1787 2981 1818 3010; x_wconf 91' lang='lat'>1.</span> <span class='ocrx_word' id='word_1_274' title='bbox 1901 2978 1938 3017; x_wconf 93' lang='lat' dir='ltr'>d)</span> <span class='ocrx_word' id='word_1_275' title='bbox 1961 2988 2068 3017; x_wconf 76' lang='lat' dir='ltr'>super</span> <span class='ocrx_word' id='word_1_276' title='bbox 2091 2977 2204 3017; x_wconf 65' lang='lat' dir='ltr'>opida</span> 
     </span>
     <span class='ocr_line' id='line_1_48' title="bbox 353 3018 2203 3064; baseline 0.003 -17"><span class='ocrx_word' id='word_1_277' title='bbox 353 3018 446 3047; x_wconf 72' lang='lat' dir='ltr'>linea</span> <span class='ocrx_word' id='word_1_278' title='bbox 479 3019 551 3048; x_wconf 82' lang='grc' dir='ltr'><em>αῑιο</em></span> <span class='ocrx_word' id='word_1_279' title='bbox 583 3022 712 3049; x_wconf 78' lang='lat' dir='ltr'>atram.</span> <span class='ocrx_word' id='word_1_280' title='bbox 737 3020 913 3057; x_wconf 74' lang='lat' dir='ltr'>perducta</span> <span class='ocrx_word' id='word_1_281' title='bbox 943 3021 1011 3051; x_wconf 77' lang='lat' dir='ltr'>del.</span> <span class='ocrx_word' id='word_1_282' title='bbox 1044 3021 1118 3050; x_wconf 82' lang='grc' dir='ltr'>αἰὶα</span> <span class='ocrx_word' id='word_1_283' title='bbox 1149 3030 1257 3050; x_wconf 81' lang='lat' dir='ltr'>manu</span> <span class='ocrx_word' id='word_1_284' title='bbox 1288 3030 1465 3059; x_wconf 67' lang='grc' dir='ltr'>ιςτφενεεν.</span> <span class='ocrx_word' id='word_1_285' title='bbox 1497 3024 1637 3054; x_wconf 83' lang='lat' dir='ltr'>obsessi</span> <span class='ocrx_word' id='word_1_286' title='bbox 1671 3026 1700 3054; x_wconf 91' lang='lat'>1.</span> <span class='ocrx_word' id='word_1_287' title='bbox 1809 3024 1842 3064; x_wconf 89' lang='lat' dir='ltr'>e)</span> <span class='ocrx_word' id='word_1_288' title='bbox 1875 3023 2203 3062; x_wconf 83' lang='lat' dir='ltr'>recompendentes</span> 
     </span>
     <span class='ocr_line' id='line_1_49' title="bbox 352 3064 2201 3107; baseline 0.003 -16"><span class='ocrx_word' id='word_1_289' title='bbox 352 3071 443 3093; x_wconf 66' lang='lat' dir='ltr'>corr.</span> <span class='ocrx_word' id='word_1_290' title='bbox 471 3068 795 3101; x_wconf 79' lang='lat' dir='ltr'>recompensantes</span> <span class='ocrx_word' id='word_1_291' title='bbox 822 3064 853 3093; x_wconf 89' lang='lat'>1.</span> <span class='ocrx_word' id='word_1_292' title='bbox 953 3065 980 3103; x_wconf 67' lang='lat' dir='ltr'>f„</span> <span class='ocrx_word' id='word_1_293' title='bbox 1013 3067 1207 3095; x_wconf 75' lang='lat' dir='ltr'>concurret</span> <span class='ocrx_word' id='word_1_294' title='bbox 1238 3066 1311 3095; x_wconf 78' lang='lat' dir='ltr'>alio</span> <span class='ocrx_word' id='word_1_295' title='bbox 1336 3069 1464 3096; x_wconf 81' lang='lat' dir='ltr'>atram.</span> <span class='ocrx_word' id='word_1_296' title='bbox 1493 3076 1586 3099; x_wconf 75' lang='lat' dir='ltr'>corr.</span> <span class='ocrx_word' id='word_1_297' title='bbox 1614 3065 1825 3098; x_wconf 59' lang='grc' dir='ltr'>001101111θὲ1</span> <span class='ocrx_word' id='word_1_298' title='bbox 1848 3069 1887 3107; x_wconf 85' lang='grc'>1;</span> <span class='ocrx_word' id='word_1_299' title='bbox 1921 3072 2145 3098; x_wconf 84' lang='lat' dir='ltr'>concurrent</span> <span class='ocrx_word' id='word_1_300' title='bbox 2171 3071 2201 3097; x_wconf 70' lang='grc'>2.</span> 
     </span>
     <span class='ocr_line' id='line_1_50' title="bbox 352 3107 2200 3152; baseline 0.003 -17"><span class='ocrx_word' id='word_1_301' title='bbox 352 3115 387 3145; x_wconf 80' lang='lat' dir='ltr'>g)</span> <span class='ocrx_word' id='word_1_302' title='bbox 420 3107 583 3144; x_wconf 83' lang='lat' dir='ltr'>recessit,</span> <span class='ocrx_word' id='word_1_303' title='bbox 616 3107 700 3137; x_wconf 84' lang='lat' dir='ltr'>-ssit</span> <span class='ocrx_word' id='word_1_304' title='bbox 724 3108 795 3137; x_wconf 76' lang='lat' dir='ltr'>alio</span> <span class='ocrx_word' id='word_1_305' title='bbox 820 3111 948 3138; x_wconf 77' lang='lat' dir='ltr'>atram.</span> <span class='ocrx_word' id='word_1_306' title='bbox 978 3109 1012 3137; x_wconf 74' lang='lat' dir='ltr'>in</span> <span class='ocrx_word' id='word_1_307' title='bbox 1037 3110 1109 3139; x_wconf 81' lang='lat' dir='ltr'>loco</span> <span class='ocrx_word' id='word_1_308' title='bbox 1135 3118 1218 3140; x_wconf 78' lang='lat' dir='ltr'>raso</span> <span class='ocrx_word' id='word_1_309' title='bbox 1244 3112 1274 3140; x_wconf 91' lang='grc'>1.</span> <span class='ocrx_word' id='word_1_310' title='bbox 1378 3111 1415 3147; x_wconf 91' lang='grc'>11)</span> <span class='ocrx_word' id='word_1_311' title='bbox 1453 3113 1500 3140; x_wconf 76' lang='lat' dir='ltr'>ita</span> <span class='ocrx_word' id='word_1_312' title='bbox 1532 3112 1563 3141; x_wconf 90' lang='lat'>1.</span> <span class='ocrx_word' id='word_1_313' title='bbox 1592 3112 1630 3151; x_wconf 78' lang='lat'>23</span> <span class='ocrx_word' id='word_1_314' title='bbox 1669 3112 1725 3142; x_wconf 88' lang='lat' dir='ltr'>his</span> <span class='ocrx_word' id='word_1_315' title='bbox 1759 3110 1925 3152; x_wconf 83' lang='lat' dir='ltr'>deiectis,</span> <span class='ocrx_word' id='word_1_316' title='bbox 1960 3112 2038 3147; x_wconf 60' lang='lat' dir='ltr'>igni</span> <span class='ocrx_word' id='word_1_317' title='bbox 2076 3111 2200 3141; x_wconf 77' lang='lat' dir='ltr'>Urstis.</span> 
     </span>
     <span class='ocr_line' id='line_1_51' title="bbox 354 3148 2203 3196; baseline 0.004 -17"><span class='ocrx_word' id='word_1_318' title='bbox 354 3151 379 3189; x_wconf 63' lang='lat' dir='ltr'>i)</span> <span class='ocrx_word' id='word_1_319' title='bbox 406 3148 565 3188; x_wconf 83' lang='lat' dir='ltr'>desuper</span> <span class='ocrx_word' id='word_1_320' title='bbox 590 3151 707 3191; x_wconf 83' lang='lat' dir='ltr'>iectis,</span> <span class='ocrx_word' id='word_1_321' title='bbox 734 3160 845 3190; x_wconf 87' lang='lat' dir='ltr'>super</span> <span class='ocrx_word' id='word_1_322' title='bbox 869 3153 937 3182; x_wconf 75' lang='lat' dir='ltr'>del.</span> <span class='ocrx_word' id='word_1_323' title='bbox 965 3154 1001 3192; x_wconf 78' lang='lat'>13</span> <span class='ocrx_word' id='word_1_324' title='bbox 1031 3154 1185 3189; x_wconf 75' lang='lat' dir='ltr'>fortasse</span> <span class='ocrx_word' id='word_1_325' title='bbox 1209 3154 1371 3185; x_wconf 86' lang='lat' dir='ltr'>deiectas</span> <span class='ocrx_word' id='word_1_326' title='bbox 1397 3156 1590 3193; x_wconf 72' lang='lat' dir='ltr'>leyenclum.</span> <span class='ocrx_word' id='word_1_327' title='bbox 1691 3156 1730 3193; x_wconf 84' lang='lat' dir='ltr'>k)</span> <span class='ocrx_word' id='word_1_328' title='bbox 1761 3155 2026 3196; x_wconf 66' lang='lat' dir='ltr'>concremaret,</span> <span class='ocrx_word' id='word_1_329' title='bbox 2059 3156 2119 3186; x_wconf 83' lang='lat' dir='ltr'>sed</span> <span class='ocrx_word' id='word_1_330' title='bbox 2150 3164 2203 3186; x_wconf 87' lang='lat' dir='ltr'>—e-</span> 
     </span>
     <span class='ocr_line' id='line_1_52' title="bbox 352 3195 1751 3239; baseline 0.006 -16"><span class='ocrx_word' id='word_1_331' title='bbox 352 3195 469 3224; x_wconf 75' lang='lat' dir='ltr'>eodem</span> <span class='ocrx_word' id='word_1_332' title='bbox 495 3198 625 3226; x_wconf 79' lang='lat' dir='ltr'>atram.</span> <span class='ocrx_word' id='word_1_333' title='bbox 653 3199 863 3235; x_wconf 70' lang='lat' dir='ltr'>expunctum</span> <span class='ocrx_word' id='word_1_334' title='bbox 889 3198 920 3229; x_wconf 85' lang='lat'>1.</span> <span class='ocrx_word' id='word_1_335' title='bbox 1013 3197 1037 3237; x_wconf 69' lang='lat'>1)</span> <span class='ocrx_word' id='word_1_336' title='bbox 1063 3198 1214 3227; x_wconf 77' lang='lat' dir='ltr'>alterum</span> <span class='ocrx_word' id='word_1_337' title='bbox 1239 3199 1267 3228; x_wconf 86' lang='grc'>-1</span> <span class='ocrx_word' id='word_1_338' title='bbox 1291 3199 1365 3228; x_wconf 75' lang='lat' dir='ltr'>(clia</span> <span class='ocrx_word' id='word_1_339' title='bbox 1388 3208 1495 3229; x_wconf 82' lang='lat' dir='ltr'>manu</span> <span class='ocrx_word' id='word_1_340' title='bbox 1518 3208 1692 3239; x_wconf 69' lang='lat' dir='ltr'>super-scr.</span> <span class='ocrx_word' id='word_1_341' title='bbox 1720 3202 1751 3230; x_wconf 91' lang='lat'>1.</span> 
     </span>
    </p>
   </div>
   <div class='ocr_carea' id='block_1_13' title="bbox 352 3298 2201 3472">
    <p class='ocr_par' dir='ltr' id='par_1_14' title="bbox 352 3298 2201 3472">
     <span class='ocr_line' id='line_1_53' title="bbox 530 3298 2199 3356; baseline 0.003 -15"><span class='ocrx_word' id='word_1_342' title='bbox 530 3298 572 3353; x_wconf 89' lang='lat'>1)</span> <span class='ocrx_word' id='word_1_343' title='bbox 621 3299 816 3340; x_wconf 72' lang='lat' dir='ltr'>Duravit</span> <span class='ocrx_word' id='word_1_344' title='bbox 859 3313 886 3339; x_wconf 85' lang='grc' dir='ltr'><em>α</em></span> <span class='ocrx_word' id='word_1_345' title='bbox 929 3300 998 3341; x_wconf 82' lang='lat' dir='ltr'>die</span> <span class='ocrx_word' id='word_1_346' title='bbox 1044 3302 1112 3344; x_wconf 79' lang='lat'>27.</span> <span class='ocrx_word' id='word_1_347' title='bbox 1152 3299 1237 3345; x_wconf 73' lang='lat' dir='ltr'>Oct.</span> <span class='ocrx_word' id='word_1_348' title='bbox 1281 3314 1322 3345; x_wconf 80' lang='lat' dir='ltr'>a.</span> <span class='ocrx_word' id='word_1_349' title='bbox 1361 3304 1485 3346; x_wconf 77' lang='lat'>1174.</span> <span class='ocrx_word' id='word_1_350' title='bbox 1531 3316 1664 3356; x_wconf 76' lang='lat' dir='ltr'>usque</span> <span class='ocrx_word' id='word_1_351' title='bbox 1706 3304 1767 3343; x_wconf 82' lang='lat' dir='ltr'>ad</span> <span class='ocrx_word' id='word_1_352' title='bbox 1805 3303 1918 3343; x_wconf 82' lang='lat' dir='ltr'>diem</span> <span class='ocrx_word' id='word_1_353' title='bbox 1952 3304 2018 3346; x_wconf 84' lang='lat'>13.</span> <span class='ocrx_word' id='word_1_354' title='bbox 2053 3303 2199 3356; x_wconf 79' lang='lat' dir='ltr'>April.</span> 
     </span>
     <span class='ocr_line' id='line_1_54' title="bbox 352 3358 2201 3414; baseline 0.004 -19"><span class='ocrx_word' id='word_1_355' title='bbox 352 3370 392 3398; x_wconf 75' lang='lat' dir='ltr'>a.</span> <span class='ocrx_word' id='word_1_356' title='bbox 428 3358 555 3400; x_wconf 78' lang='lat'>1175.</span> <span class='ocrx_word' id='word_1_357' title='bbox 705 3358 750 3410; x_wconf 79' lang='lat'>2)</span> <span class='ocrx_word' id='word_1_358' title='bbox 789 3358 844 3402; x_wconf 85' lang='grc' dir='ltr'>Α.</span> <span class='ocrx_word' id='word_1_359' title='bbox 877 3358 1074 3411; x_wconf 76' lang='lat' dir='ltr'>Schultz,</span> <span class='ocrx_word' id='word_1_360' title='bbox 1121 3360 1231 3400; x_wconf 76' lang='lat' dir='ltr'>‘Das</span> <span class='ocrx_word' id='word_1_361' title='bbox 1270 3360 1461 3414; x_wconf 70' lang='lat' dir='ltr'>lzo&#39;fisclze</span> <span class='ocrx_word' id='word_1_362' title='bbox 1491 3362 1633 3403; x_wconf 75' lang='lat' dir='ltr'>Leben</span> <span class='ocrx_word' id='word_1_363' title='bbox 1673 3375 1759 3402; x_wconf 72' lang='lat' dir='ltr'>zur</span> <span class='ocrx_word' id='word_1_364' title='bbox 1790 3362 1888 3403; x_wconf 81' lang='lat' dir='ltr'>Zeit</span> <span class='ocrx_word' id='word_1_365' title='bbox 1923 3362 2001 3402; x_wconf 77' lang='lat' dir='ltr'>der</span> <span class='ocrx_word' id='word_1_366' title='bbox 2031 3362 2201 3402; x_wconf 49' lang='grc'>111111110-</span> 
     </span>
     <span class='ocr_line' id='line_1_55' title="bbox 352 3415 1121 3472; baseline 0.01 -18"><span class='ocrx_word' id='word_1_367' title='bbox 352 3415 518 3467; x_wconf 69' lang='lat' dir='ltr'>sc&#39;nqer&#39;</span> <span class='ocrx_word' id='word_1_368' title='bbox 552 3415 634 3455; x_wconf 74' lang='lat'>112</span> <span class='ocrx_word' id='word_1_369' title='bbox 667 3416 833 3472; x_wconf 78' lang='lat'>(1889),</span> <span class='ocrx_word' id='word_1_370' title='bbox 858 3431 907 3470; x_wconf 78' lang='lat' dir='ltr'>p.</span> <span class='ocrx_word' id='word_1_371' title='bbox 929 3418 1014 3460; x_wconf 83' lang='lat'>406</span> <span class='ocrx_word' id='word_1_372' title='bbox 1032 3432 1121 3471; x_wconf 77' lang='lat' dir='ltr'>sqq.</span> 
     </span>
    </p>
   </div>
   <div class='ocr_carea' id='block_1_14' title="bbox 2235 3109 2278 3139">
    <p class='ocr_par' dir='ltr' id='par_1_15' title="bbox 2235 3109 2278 3139">
     <span class='ocr_line' id='line_1_56' title="bbox 2235 3109 2278 3139; baseline -0.023 0"><span class='ocrx_word' id='word_1_373' title='bbox 2235 3109 2278 3139; x_wconf 79' lang='lat'>40</span> 
     </span>
    </p>
   </div>
   <div class='ocr_carea' id='block_1_15' title="bbox 2234 3427 2278 3458">
    <p class='ocr_par' dir='ltr' id='par_1_16' title="bbox 2234 3427 2278 3458">
     <span class='ocr_line' id='line_1_57' title="bbox 2234 3427 2278 3458; baseline 0.023 -1"><span class='ocrx_word' id='word_1_374' title='bbox 2234 3427 2278 3458; x_wconf 79' lang='lat'>45</span> 
     </span>
    </p>
   </div>
  </div>
 </body>
</html>
