2351 3802
936 137 1103 181 PRAE
1114 139 1317 184 FATIO.
1963 141 2056 186 XV

214 287 525 341 WViZmansii
564 287 734 339 verbis
772 292 913 352 utar,
969 287 1076 340 ‘hoc
1115 290 1272 341 etiam
1305 307 1441 357 prae
1479 308 1532 343 se
1581 292 1700 355 fert,
1755 294 1889 358 quod
1935 293 2056 344 stilo

201 361 334 414 satis
406 361 538 412 culto
614 360 906 428 conscripta
970 362 1082 413 est’.
1197 363 1555 416 Elocutionem
1618 382 1770 416 suam
1830 366 2058 417 maccime

202 435 485 487 secundum
525 433 857 485 celeberrima
897 436 1133 503 esempla
1165 436 1262 487 hac
1301 441 1470 489 aetate
1511 437 1657 500 trita,
1699 438 2054 505 Heyesippum

203 508 316 560 dico
356 508 433 559 rel
473 507 766 574 Iosephum,
811 508 1138 571 Sallustium,
1192 509 1342 571 alios,
1396 509 1458 560 in
1497 510 1687 575 quibus
1725 511 2059 576 inclayandis

149 601 170 632 5
204 582 353 633 labor
391 581 563 632 adhuc
602 598 703 632 non
744 581 1013 644 inefficax
1039 582 1262 645 fortasse
1279 584 1558 647 ponendus
1585 582 1688 634 erit
1707 583 1738 645 1,
1781 585 1870 634 secl
1898 585 2055 636 etiam

204 656 486 707 sectandum
524 654 697 721 ipsum
731 654 967 706 Ottonem
994 655 1052 705 F
1048 654 1395 720 risinyensem
1426 660 1474 706 et
1502 655 1856 708 Raliewinum
1895 659 2058 708 mocle-

202 733 355 780 ratns
394 732 484 789 est,
539 745 604 779 er
643 727 830 793 quibus
878 745 954 792 ea,
1010 744 1143 792 quae
1181 727 1414 779 maxime
1453 729 1526 780 ad
1562 745 1672 780 rem
1710 729 1886 792 facere
1925 729 2058 783 vide-

205 802 414 863 bantur,
458 800 726 853 adnotavi.

301 945 346 1016 §
387 951 439 1001 3.
518 946 662 1009 Quo
702 950 1005 1008 tempore
1050 945 1388 998 Chronica
1428 949 1819 1011 conscripta
1858 951 1968 1000 sit.

133 1074 172 1103 10
389 1051 499 1114 Quo
535 1053 758 1114 tempore
793 1047 1055 1101 Chronica
1082 1054 1262 1101 nostra
1289 1049 1566 1117 composita
1605 1057 1748 1115 esset,
1790 1052 1900 1104 viri
1926 1053 2063 1105 docti

195 1123 477 1191 paululum
545 1121 931 1174 dubitaverimt.
1031 1123 1175 1175 Nam
1240 1141 1354 1175 cum
1425 1124 1660 1177 Ottonem
1717 1126 1766 1177 I.
1829 1128 2059 1179 abbatem

205 1201 465 1248 auctorem
503 1195 672 1259 fuisse
702 1200 975 1261 putarent,
1029 1196 1167 1248 hunc
1196 1198 1480 1263 postremis
1520 1200 1724 1251 demum
1761 1199 1900 1252 citae
1937 1218 2062 1252 suae

204 1269 366 1321 annis
393 1268 587 1320 librum
616 1268 988 1336 conscripsisse
1015 1275 1063 1322 et
1087 1289 1135 1322 a.
1166 1276 1322 1322 1223.
1352 1277 1514 1324 morte
1530 1278 1878 1338 praeve-ntum
1903 1291 2063 1340 usque

203 1344 273 1394 ad
307 1344 467 1406 finem
516 1359 622 1394 non
668 1342 986 1410 perduxisse
1038 1343 1256 1409 quidam
1308 1345 1638 1397 coniecerunt
1653 1348 1685 1411 2,
1740 1364 1852 1398 cum
1904 1347 2064 1400 aliter

133 1440 170 1470 15
203 1415 461 1482 explicari
499 1433 607 1467 non
628 1433 796 1482 posse,
839 1434 933 1468 cur
970 1417 1033 1469 in
1073 1435 1122 1470 a.
1157 1422 1313 1469 1209.
1358 1419 1624 1471 scribendi
1649 1421 1810 1484 finem
1836 1420 2060 1485 fecisset,

203 1491 480 1542 crederent.
539 1489 641 1541 Cui
667 1489 920 1555 ozn'nionu
951 1509 1065 1543 cum
1086 1491 1318 1544 Ottonem
1346 1494 1582 1544 abbatem
1608 1499 1867 1546 auctorem
1894 1494 2064 1558 fuisse

202 1563 371 1615 &finci
409 1580 515 1614 non
550 1580 703 1630 posse
753 1564 1145 1630 ostenderimus,
1198 1583 1345 1618 omne
1392 1566 1798 1630 fundamentum
1836 1573 2065 1636 ereptum

203 1654 309 1688 esse
347 1636 459 1688 iam
488 1641 665 1702 patet:
704 1655 835 1703 quae
874 1638 1036 1690 etiam
1074 1656 1137 1690 ex
1170 1638 1292 1707 ipsa
1331 1639 1461 1692 libri
1497 1639 1672 1693 indole
1710 1641 2065 1694 commendari

207 1710 298 1762 cic
345 1715 477 1762 recte
514 1710 735 1762 videtur.
816 1712 997 1777 Neque
1036 1712 1191 1775 enim,
1246 1713 1336 1778 qui
1375 1713 1795 1766 consuetudinem
1835 1715 2064 1767 auctoris

130 1808 171 1839 20
205 1782 520 1851 diliyentius
583 1784 918 1849 spectaverit,
1002 1786 1107 1837 ullo
1171 1788 1316 1838 modo
1380 1786 1484 1838 sibi
1525 1789 1870 1854 persuadebit
1941 1788 2065 1852 fieri

193 1856 443 1923 potuisse,
483 1862 541 1908 ut
578 1862 775 1923 auctor,
817 1858 867 1909 si
906 1877 940 1910 a
978 1860 1179 1911 demum
1233 1865 1388 1912 1222.
1429 1861 1507 1912 vet
1538 1865 1693 1913 1223.
1745 1862 2062 1914 Chronicam

205 1930 603 1996 conscripsisset,
635 1931 933 1983 Beatricem
961 1932 1168 1985 Ottonis
1189 1933 1231 1984 I
1239 1934 1299 1985 V.
1327 1951 1571 2001 sponsam
1589 1936 1608 1966 3
1629 1953 1677 1987 a.
1698 1940 1855 1987 1212.
1884 1936 2064 1988 imma-

207 2009 329 2056 tura
356 2009 515 2056 morte
536 2010 882 2072 praereptam
909 2023 1030 2069 esse,
1068 2006 1414 2059 Fridericum
1434 2008 1514 2060 ΙΙ.
1544 2007 1606 2060 in
1632 2026 1802 2076 reyem
1829 2028 1878 2061 a.
1908 2015 2061 2062 1212.

203 2077 560 2143 sublimatum,
603 2096 652 2129 a.
693 2083 848 2129 1220.
890 2078 950 2131 in
988 2079 1355 2147 imperatorem
1393 2087 1747 2135 consecratum
1785 2082 2065 2149 imperium

132 2175 173 2206 25
205 2150 367 2218 stirpi
417 2168 543 2202 suae
592 2151 951 2204 revindicasse
1008 2159 1057 2206 et
1105 2153 1332 2206 maxime
1386 2155 1835 2223 Zaerinyensium
1884 2175 2063 2223 oenus,

206 2241 425 2290 quorum
463 2242 567 2276 non
604 2225 785 2277 minus
822 2243 981 2291 quam
1021 2227 1427 2292 Staufensium4
1478 2234 1526 2281 et
1575 2229 1869 2294 Welforum
1913 2249 2065 2298 saepe

205 2297 400 2350 mentio
449 2299 515 2362 fit
552 2298 744 2364 quique
785 2300 840 2351 S.
881 2299 1071 2352 Blasii
1109 2301 1349 2354 advocati
1390 2308 1557 2367 erant,
1599 2303 1659 2355 in
1699 2303 1949 2357 Bertotdo
2003 2305 2062 2355 V.

206 2372 332 2423 duce
382 2389 431 2422 a.
477 2377 634 2423 1218.
684 2378 881 2425 mortuo
920 2374 1232 2427 exstinctum
1271 2392 1391 2441 esse,
1439 2393 1537 2441 quo
1584 2394 1710 2429 casu
1754 2377 2066 2430 monasterii

206 2445 482 2497 advocatia
521 2447 592 2497 ad
617 2464 836 2512 reynum
861 2465 1050 2499 rurs-us
1077 2449 1314 2500 devoluta
1352 2454 1440 2514 est,
1482 2449 1781 2502 incidenter
1806 2453 2065 2504 adnotare

133 2542 175 2573 30
205 2518 534 2585 neglexisset.
589 2521 778 2585 Itaque
813 2519 1144 2587 Chronicam,
1186 2521 1246 2574 in
1273 2540 1377 2589 qua
1415 2523 1616 2576 nullius
1653 2523 1749 2587 rei,
1791 2542 1924 2590 quae
1940 2530 2065 2591 post

213 2591 448 2644 Ottonem
475 2593 516 2644 I
524 2593 583 2645 V.
625 2593 996 2661 imperatorem
1036 2601 1342 2648 coronatum
1382 2596 1564 2663 evenit,
1606 2598 1794 2650 mentio
1832 2599 1914 2664 fit,
1955 2598 2063 2650 iam

208 2682 256 2714 a.
291 2670 445 2717 1209.
487 2672 706 2719 exeunte
744 2668 821 2719 vet
858 2667 1073 2721 ineunte
1112 2688 1160 2721 a.
1198 2675 1350 2735 1210,
1393 2676 1672 2737 antequam
1703 2689 1890 2724 novum
1927 2671 2066 2724 inter

198 2754 400 2803 papam
451 2745 500 2790 et
545 2739 908 2806 imperatorem
959 2742 1244 2795 discrimen
1293 2749 1540 2810 oreretur,
1594 2744 1921 2812 compositam
1959 2763 2065 2798 esse

208 2812 353 2877 apud
388 2828 482 2864 nos
520 2819 724 2867 constat
740 2814 772 2864 5.

135 2952 176 2983 35
393 2940 437 2993 1)
485 2940 716 2984 Lucanum
759 2949 796 2986 et
836 2945 1084 2999 Veryilium
1124 2950 1253 2991 novit.
1330 2946 1395 3000 Cf.
1441 2949 1575 2989 etiam
1624 2948 1816 2990 Thomae
1851 2963 1900 3003 Ρ.
1930 2951 1984 2993 10
2000 2963 2062 3003 sq.

208 2998 253 3054 2)
295 2999 484 3040 Thomae
510 3013 557 3051 Ρ.
582 3003 632 3051 9;
675 3002 735 3046 H.
768 3003 890 3044 Kohz
931 3006 979 3045 in
1014 3006 1300 3058 praefatione
1336 3007 1654 3048 translationis
1676 3021 1724 3061 Ρ.
1759 3008 1856 3048 VII
1860 3022 1877 3057 ‚·
1922 3008 2066 3050 Giese-

209 3058 354 3098 brecht
388 3057 572 3100 (ΒΚΖ.)
605 3059 682 3111 VI,
709 3074 758 3113 Ρ.
780 3063 879 3106 294.
988 3065 1033 3116 3)
1071 3064 1140 3115 Cf.
1166 3068 1407 3118 praecipue
1437 3078 1470 3108 c.
1493 3068 1563 3110 51.
1684 3065 1729 3122 4)
1763 3066 1918 3108 Etiam
1937 3068 2066 3108 duces

208 3117 434 3168 Atestinae,
478 3115 782 3169 Staufensium
823 3123 1149 3175 consanyuinei,
1190 3125 1371 3176 saepius
1413 3130 1823 3169 commemorantur.
1886 3127 1952 3168 De
1993 3138 2064 3166 ne-

208 3176 490 3226 cessitudine,
539 3188 649 3228 quae
690 3178 806 3217 inter
847 3178 891 3221 S.
937 3180 1087 3220 Blasii
1120 3184 1438 3223 monasterium
1479 3188 1517 3224 et
1558 3185 1830 3225 monasteria
1871 3186 2066 3237 reqionis

134 3245 178 3275 40
212 3233 451 3275 Orientalis
491 3235 794 3287 intercesserit,
838 3238 892 3288 cf.
927 3239 980 3278 A.
1011 3238 1190 3292 Hauck,
1234 3240 1688 3293 ‘Kirchenqeschichte
1718 3242 2063 3284 Deutschlands’

208 3291 332 3345 111³,
359 3306 407 3346 p.
430 3294 532 3336 871.
653 3294 698 3348 5>
733 3292 807 3334 Ita
838 3293 896 3338 H.
927 3296 1077 3347 Bloch,
1110 3295 1207 3338 cDie
1228 3298 1510 3340 elsa‘ssisclien
1530 3301 1740 3342 Annalen
1761 3302 1839 3341 der
1859 3301 2064 3353 Staufer-

209 3351 313 3392 zeit’
351 3365 399 3404 p.
435 3353 533 3395 126.
609 3351 732 3402 Quod
772 3354 903 3393 etiam
957 3353 1020 3396 W.
1062 3355 1319 3407 Gundtach,
1368 3357 1712 3400 ‘Heldentieder’
1755 3360 1844 3411 III,
1882 3372 1930 3412 Ρ.
1962 3360 2062 3402 322.

209 3413 356 3462 massis
375 3410 555 3510 pgobat.
617 3411 912 3463 Wattenbach,
948 3412 1118 3463 ‘DGQJ
1150 3412 1251 3465 ΠΒ,
1277 3427 1324 3467 Ρ.
1347 3416 1448 3459 285.
1480 3428 1572 3456 rem
1602 3417 1896 3458 iniudicatam
1928 3417 2062 3458 relin-

211 3481 341 3521 quere
376 3470 420 3510 vi
450 3475 558 3513 etur.
