2377 3802
519 105 785 150 OTTONIS
818 106 899 149 DE
933 105 979 151 S.
1013 106 1244 151 BLASIO
1276 106 1616 153 CHRONICA.
1943 114 1998 154 79

144 257 317 308 numl
358 274 390 307 a
432 257 676 308 Domino
716 258 1061 325 impetravit,
1103 258 1350 325 reliquos
1392 261 1706 327 111agistrOS‚
1750 264 1814 311 ut
1855 278 1996 312 com-

144 331 441 398 pendiosas
484 333 540 382 et
582 331 776 382 dulces
817 335 873 382 et
911 332 1080 383 utiles
1111 331 1169 382 ln
1197 331 1378 383 timore
1408 331 1663 384 Domini‘2
1706 335 1996 402 discipulis

143 406 401 455 facerent
441 403 729 465 lectioneS,
773 405 1102 456 adhortans.
1182 405 1544 472 Dyaleticosa
1579 408 1728 457 enim
1769 408 1998 458 inutilia

144 477 365 529 abicere
406 472 717 544 utiliaqueb
765 479 823 528 in
875 479 980 529 hac
1028 481 1149 529 arte
1192 480 1412 529 monuit
1453 496 1717 530 reserare.
1798 480 1997 531 Decre-

89 567 109 598 5
141 551 306 602 tistas
348 568 568 617 quoque
611 552 679 602 de
722 551 917 602 multis
957 551 1259 602 inutilibus
1301 554 1358 602 et
1391 551 1692 603 lectionem
1720 555 1999 618 gravanti-

142 624 246 675 bus
313 625 736 676 concordanciis
800 625 1181 691 reprehendit.
1285 624 1604 690 Theologos
1670 629 1861 676 autem
1929 627 1997 677 de

141 697 327 764 longis
398 698 926 749 continuationibus
992 700 1048 748 et
1113 697 1435 763 sophisticis
1513 698 1997 764 disputationibus

139 772 434 839 redarguit
483 772 941 838 reliquarumque
993 771 1208 820 arcium
1261 771 1560 837 magistros
1610 771 1783 821 simili
1829 774 1996 823 modo

140 845 438 912 increpans
479 862 572 896 eos
613 846 682 896 de
723 844 918 894 multis
957 843 1258 894 inutilibus
1300 845 1543 895 correxit
1584 847 1754 911 atque
1795 847 1867 896 ad
1907 863 1996 897 ne-

67 937 108 967 10
141 919 383 970 cessaria
423 918 725 969 tractanda
765 920 821 968 et
862 917 1118 968 docenda
1144 917 1495 968 informavit.
1674 918 1786 970 Hic
1823 936 1996 971 sacer-

141 993 240 1043 dos
281 992 416 1058 quid
457 992 636 1058 egerit
676 991 763 1040 his
803 991 1047 1057 peractis
1087 990 1177 1042 vel
1218 1008 1327 1057 quo
1369 992 1479 1043 fine
1515 992 1802 1055 defecerit,
1844 993 1996 1060 igno·
2017 1004 2143 1047 1202.

139 1065 348 1125 rat-urz
402 1063 863 1132 sapiencioribUS,
917 1064 1050 1130 quia
1102 1065 1170 1116 de
1222 1064 1342 1115 eius
1382 1066 1630 1116 transitu
1670 1066 1849 1117 nichil
1889 1084 1995 1118 me-

138 1139 316 1189 moria
357 1138 592 1204 dignum
633 1140 1063 1204 perceperunt⁰‚
1119 1155 1185 1189 ex
1227 1139 1333 1190 hoc
1375 1140 1682 1190 admodum
1723 1140 1995 1191 scandali·

138 1211 291 1273 zatiS,
345 1212 441 1262 sed
495 1211 600 1262 hoc
639 1211 870 1273 frustra,
926 1228 1054 1262 cum
1099 1213 1277 1279 possit
1325 1212 1720 1280 multipliciter
1759 1213 1995 1266 honeste

64 1303 105 1334 15
137 1280 428 1336 defendid.

314 1363 400 1410 18.
460 1358 649 1426 Igitur
700 1359 1072 1410 Innocentius
1124 1377 1270 1427 papa
1311 1360 1623 1427 Phylippoe
1672 1361 1784 1412 iam
1826 1364 1995 1413 antea

136 1431 413 1495 offenSUS,
476 1449 540 1484 eo
601 1433 749 1499 quod
809 1435 867 1482 in
927 1432 1132 1484 Tuscia
1186 1434 1431 1485 existens
1487 1435 1772 1500 quoddam
1826 1436 1994 1502 patri-

137 1507 387 1557 monium
428 1508 610 1558 sancti
650 1507 805 1557 Petri
844 1507 1130 1558 invaserat
1145 1507 1180 1569 4,
1227 1507 1413 1574 ipsum
1453 1507 1512 1557 in
1551 1524 1744 1575 regem
1786 1508 1994 1575 eligere

136 1596 250 1630 non
292 1580 590 1641 consensit,
645 1581 742 1631 sed
785 1578 988 1632 Ottoni
1031 1580 1230 1632 favens
1269 1581 1455 1648 ipsum
1495 1581 1553 1631 in
1597 1577 1990 1633 defensoremf
2013 1570 2203 1667 {fifflju

61 1672 104 1703 20
135 1653 388 1705 Romane
430 1653 664 1706 ecclesie
705 1653 1054 1705 collaudavit
1072 1653 1106 1702 5.
1185 1654 1614 1706 Veruntameng
1653 1656 1994 1722 procedente

135 1730 389 1794 tempore
429 1727 626 1778 videns
666 1729 809 1779 vires
852 1727 1081 1779 Ottonis
1118 1728 1340 1779 ablatas
1369 1731 1426 1780 et
1452 1729 1647 1781 favore
1675 1729 1989 1797 principum

136 1801 443 1852 admodum
496 1801 823 1863 concidisse,
878 1801 1208 1869 Philippum
1259 1819 1390 1854 vero
1443 1803 1713 1854 subiectis
1765 1802 1994 1855 Ottonis

135 1874 459 1926 fautoribus
499 1875 861 1942 prevaluisse,
908 1876 1016 1942 ipsi
1057 1876 1333 1938 deferens,
1388 1876 1529 1928 duos
1571 1877 1886 1928 cardinales
1929 1893 1995 1928 ex

313 2030 349 2072 a)
373 2032 471 2064 Dial.
500 2033 531 2062 2.
669 2033 704 2073 b)
730 2041 817 2072 -que
843 2041 912 2065 om.
940 2035 971 2064 1.
1110 2032 1144 2074 c)
1177 2037 1424 2074 perceperunt
1449 2043 1517 2066 om.
1546 2035 1576 2066 1.
1701 2032 1739 2073 d)
1773 2033 1937 2066 deffendi
1961 2035 1994 2066 2.

61 2079 104 2110 25
137 2078 170 2113 e)
194 2076 291 2108 Phil.
317 2077 348 2106 2.
441 2077 470 2118 f)
495 2075 742 2109 deffensorem
767 2078 798 2109 2.
892 2079 926 2116 g)
950 2078 1122 2118 Verfiptfi
1147 2079 1178 2110 2.

317 2223 357 2279 1)
395 2226 433 2267 1.
468 2223 565 2268 Cor.
602 2225 668 2274 12,
693 2227 762 2269 28.
795 2226 866 2269 30.
1013 2228 1059 2279 2)
1096 2226 1184 2269 Eoe.
1216 2239 1286 2279 yr.
1319 2228 1361 2270 2.
1384 2227 1492 2270 Par.
1518 2228 1585 2278 19,
1611 2229 1650 2271 9.
1706 2228 1806 2271 Tob.
1833 2229 1901 2278 14,
1928 2229 1994 2272 16.

137 2288 238 2330 etc.,·
279 2282 409 2326 Pron.
446 2284 485 2334 1,
509 2285 559 2326 7:
593 2281 750 2324 Timor
781 2282 965 2326 Domini
994 2283 1269 2339 principium
1302 2283 1575 2339 sapientiae3
1622 2288 1690 2339 15,
1714 2288 1796 2329 33:
1839 2285 1994 2328 Timor

135 2340 318 2383 Domini
357 2340 593 2396 disciplina
636 2342 895 2396 sapientiae.
1077 2343 1122 2398 3)
1166 2344 1348 2395 Multos,
1395 2348 1434 2384 et
1475 2344 1773 2386 nobilissimos
1820 2345 1996 2386 Galliae

129 2404 371 2454 princepae,
418 2401 477 2441 ad
518 2404 604 2442 iter
634 2406 836 2442 sanctam
874 2403 1107 2444 accendens
1148 2403 1225 2455 (cf.
1268 2405 1400 2443 etiam
1435 2403 1618 2444 Reineri
1647 2405 1766 2447 Ann.
1800 2418 1841 2447 a.
1868 2406 1994 2455 1198,

62 2473 105 2505 30
135 2459 214 2502 SS.
238 2459 373 2510 XVI,
399 2473 447 2513 p.
472 2461 582 2511 654;
618 2459 781 2504 Cim-on.
815 2461 1040 2515 Ursperq„
1086 2461 1164 2506 SS.
1198 2461 1388 2513 XXIII,
1414 2476 1461 2515 p.
1493 2463 1601 2510 369)
1635 2476 1675 2506 a.
1708 2465 1836 2507 1202.
1869 2463 1995 2504 Maio

136 2519 254 2571 obiit,
278 2518 451 2562 Robert.
474 2519 788 2571 Autissiodor.,
821 2519 898 2564 SS.
922 2519 1106 2573 XXVI,
1133 2534 1181 2575 p.
1206 2522 1316 2572 261;
1349 2520 1690 2562 Villehardouin
1711 2523 1741 2574 ἕ
1764 2525 1819 2566 73
1852 2522 1993 2574 (Boa-

136 2581 234 2630 quet
254 2576 446 2629 XVIII,
462 2592 510 2631 p.
534 2580 675 2631 441)‚·
705 2578 966 2620 Memoriale
992 2580 1053 2632 fr.
1085 2580 1275 2621 Walteri
1293 2580 1343 2620 de
1367 2579 1615 2633 Coventria,
1639 2581 1700 2624 ed.
1733 2581 1798 2622 W.
1822 2581 1995 2633 Stabbs,

136 2636 278 2678 Lond.
302 2638 429 2688 1873,
452 2637 518 2688 ΙΙ,
534 2651 584 2690 p.
610 2639 717 2688 1963
745 2638 859 2681 Ann.
884 2638 1025 2690 Stacl„
1058 2638 1136 2682 SS.
1159 2638 1291 2691 XVI,
1314 2652 1363 2692 p.
1386 2640 1494 2692 3543
1531 2641 1587 2691 cf.
1608 2639 1727 2682 Anu.
1751 2638 1995 2693 HerbipoZ„

136 2695 193 2737 ib.
220 2708 269 2747 p.
293 2697 399 2748 9sq.
434 2695 493 2748 (a.
527 2698 654 2740 1200.
687 2696 812 2741 Αῑόν,
845 2697 873 2740 l.
906 2710 939 2738 c.
969 2711 1015 2751 p.
1037 2699 1138 2750 878,
1173 2698 1198 2741 l.
1223 2699 1302 2751 22;
1337 2710 1377 2741 α.
1410 2700 1537 2742 1201.
1574 2697 1736 2740 Cho-on.
1769 2698 1994 2750 Laiatun„

63 2765 105 2797 35
138 2754 199 2796 ed.
243 2753 429 2794 Stechele
462 2768 510 2808 p.
546 2756 622 2807 61,
670 2755 868 2809 Bouquet
910 2756 1099 2808 XVIII,
1130 2770 1180 2810 p.
1209 2758 1352 2810 712),·
1398 2757 1456 2808 cf.
1501 2757 1635 2798 Gesta
1674 2761 1800 2811 episo
1843 2757 1994 2808 Halo„

137 2812 216 2855 SS.
244 2810 435 2864 XXIII,
462 2827 510 2866 p.
537 2815 645 2867 1173
690 2813 785 2857 Iac.
818 2815 869 2856 de
900 2815 1028 2870 Vitia,
1061 2815 1180 2859 Hist.
1215 2829 1296 2859 occ.
1329 2829 1360 2858 c.
1384 2817 1424 2867 8,
1460 2817 1536 2869 qui
1565 2816 1775 2857 Falconis
1804 2818 1997 2857 auctori-

137 2875 282 2921 tatem,
315 2883 414 2911 cum
444 2873 694 2913 maximam
718 2875 958 2926 pecuniam
989 2874 1074 2916 hac
1095 2876 1314 2916 occasione
1346 2879 1671 2928 conyreyasset,
1706 2876 1833 2916 valde
1861 2876 1992 2916 dimi-

137 2933 291 2970 nutam
323 2941 412 2970 esse
441 2932 585 2971 tradit
614 2931 687 2984 (cf.
724 2932 885 2975 Chron.
918 2933 1128 2977 Laudun.
1163 2947 1203 2977 a.
1232 2935 1377 2982 1199).
1499 2935 1545 2984 4)
1585 2933 1682 2984 Qua
1713 2935 1764 2975 de
1794 2947 1843 2975 re
1865 2947 1996 2987 papa

139 3001 178 3031 a.
205 2989 332 3031 1196.
365 2989 628 3041 imperatori
647 2995 901 3043 conquestus
922 2997 1031 3043 erat,
1064 2992 1120 3032 M
1121 2992 1172 3035 G.
1196 2992 1290 3036 LL.
1317 2991 1496 3034 Constit.
1518 2992 1558 3045 I,
1592 3006 1660 3036 nr.
1685 2994 1784 3044 375,
1811 3007 1858 3046 p.
1883 2995 1992 3046 5233

62 3059 106 3090 40
137 3048 192 3099 cf.
236 3047 345 3099 Roy.
388 3047 438 3087 de
469 3047 684 3100 Hoveden,
721 3048 799 3092 SS.
823 3049 1034 3103 XXVII,
1060 3063 1110 3103 p.
1135 3053 1242 3105 1763
1281 3051 1412 3092 Gesta
1442 3051 1593 3095 Innoc.
1626 3051 1720 3095 III.
1753 3064 1786 3095 c.
1811 3053 1879 3095 12.
1914 3053 1993 3100 14;

137 3106 242 3158 Rey.
285 3105 335 3146 de
376 3118 470 3158 neq.
502 3110 606 3159 imp.
640 3120 710 3150 nr.
735 3109 805 3159 29,
845 3108 1110 3165 ed.„Balu2e
1140 3109 1180 3160 I,
1205 3123 1255 3162 p.
1279 3111 1378 3161 700,
1411 3111 1469 3161 ef.
1495 3111 1678 3163 126983
1715 3110 1866 3153 Innoc.
1899 3110 1993 3153 ΙΙΙ.

139 3168 259 3218 epist.
281 3164 322 3214 I,
364 3176 437 3206 nr.
458 3166 539 3216 25;
582 3166 637 3208 A.
670 3165 846 3217 Hauolc,
880 3166 1017 3207 ‘Uber
1051 3168 1121 3208 die
1156 3168 1616 3209 Exlconimunilcation
1661 3168 1868 3221 Philipps
1912 3181 1994 3208 von

139 3222 410 3275 Schwaben’,
450 3225 499 3264 in
531 3224 744 3264 ‘Berichte
774 3224 881 3264 aber
912 3227 954 3268 d.
987 3226 1225 3269 Vei-nandi.
1260 3227 1300 3268 d.
1344 3226 1402 3270 K.
1448 3226 1597 3269 Sa'chs.
1646 3227 1741 3269 Ges.
1783 3228 1824 3269 d.
1864 3227 1991 3269 Wiss.

137 3295 195 3322 zu
226 3282 421 3336 Leipziy.
454 3282 717 3326 Phia-hist.
750 3283 845 3325 KZ!
876 3283 1000 3333 LVI,
1035 3286 1162 3335 1904,
1188 3298 1239 3338 p.
1263 3287 1345 3327 137
1364 3297 1454 3337 sqq.
1598 3285 1643 3337 5)
1679 3285 1784 3337 Req,
1818 3285 1868 3324 de
1897 3296 1991 3336 neq,

63 3351 106 3382 45
138 3344 240 3394 imp.
264 3355 334 3384 nr.
358 3344 427 3385 32.
451 3343 521 3393 33,
545 3355 654 3394 quae
675 3343 880 3394 epistolae
903 3355 943 3386 α.
969 3344 1096 3386 1201.
1119 3342 1258 3385 Mart.
1284 3344 1322 3386 1.
1345 3343 1566 3384 Laterani
1586 3343 1728 3396 datae,
1751 3344 1793 3385 d.
1817 3341 1931 3383 Iulii
1950 3344 1991 3388 3.

141 3398 346 3442 Coloniae
371 3401 684 3454 promulyatae
714 3405 829 3451 sant,
863 3401 967 3453 Rey.
999 3403 1104 3454 imp.
1138 3401 1187 3453 V,
1214 3402 1252 3453 1,
1285 3413 1357 3444 nr.
1378 3403 1462 3445 217
1478 3414 1511 3445 0.
