2377 3802
188 290 313 333 1198.

191 779 316 821 1202.

153 837 250 873 (Dec.
267 836 316 873 6).

193 1086 317 1127 1197.

110 2486 205 2517 Phil.
221 2486 252 2525 2,
269 2487 322 2517 21.

332 130 388 172 68
713 118 979 164 OTTONIS
1011 117 1093 160 DE
1127 117 1172 163 S.
1206 116 1435 160 BLASIO
1469 116 1806 162 GHRONIOA.

334 277 500 326 misit.
599 272 744 322 Nam
798 271 991 322 statim
1044 269 1239 321 eodem
1293 264 1594 318 Ci‘inradoa
1647 268 1980 320 cancellario
2031 284 2184 334 repa-

332 350 568 407 triante,
623 361 845 397 emenso
896 344 1039 393 mari
1090 343 1162 392 ad
1204 341 1516 392 Wirziburc
1567 342 1754 392 sedem
1806 358 1964 392 suam
2015 341 2185 392 rediit

331 422 519 487 ibique
558 418 919 486 postmodum
962 417 1159 466 contra
1197 431 1435 481 regnum
1474 415 1797 480 conspirans
1838 417 1893 466 et
1933 416 2182 465 montem

334 496 525 545 sancte
566 493 742 542 Marie
792 492 852 540 in
901 491 1023 556 ipsa
1072 488 1209 539 urbe
1248 504 1348 554 pro
1390 486 1623 538 castello
1665 488 1920 538 muniens
1959 487 2184 554 publice

333 566 643 627 rebellavit,
684 564 959 629 rebusque
1000 562 1230 613 ecclesie
1272 560 1584 611 multifarie
1632 559 1958 626 dilapidatis
1999 577 2031 610 a
2071 560 2184 626 qui-

333 641 571 692 busdam
611 639 785 705 ipsius
826 636 1057 688 ecclesie
1097 633 1558 685 ministerialibus
1578 632 1610 695 1,
1665 649 1802 699 quos
1848 634 1908 682 in
1947 628 2184 700 guerrab

336 731 462 765 cum
503 713 637 779 ipsis
678 711 876 761 habita
916 709 1221 760 admodum
1260 708 1649 767 iniuriaverat,
1698 707 1757 755 in
1796 706 1916 772 ipsa
1957 707 2187 757 civitate

336 787 614 838 occiditur
666 787 722 836 et
774 783 924 850 apud
976 783 1208 834 eandem
1262 780 1555 832 ecclesiam
1602 778 1885 846 sepelitur.
1962 779 2188 829 Dicitur

336 864 527 910 tamen
569 859 635 909 de
676 875 756 917 e0,
799 856 949 923 quod
984 857 1043 905 in
1073 871 1301 921 corpore
1328 855 1502 920 ipsius
1530 853 1769 919 quedam
1801 853 2188 918 castigationis

336 933 547 983 indicia
609 933 839 981 inventa
904 931 1044 990 sint,
1111 928 1313 994 quibus
1380 927 1672 977 districtaC
1750 926 2188 976 conversationis

336 1007 511 1073 ipsius
527 1001 549 1030 d
599 1004 912 1070 penitentia
964 1003 1036 1052 sit
1088 1004 1312 1052 ostensa
1329 1001 1363 1049 ².
1554 999 1664 1050 Sed
1716 1002 1781 1049 ut
1828 1000 1897 1049 ad
1941 999 2190 1065 digressa

336 1079 647 1138 redeamUS,
701 1077 980 1127 exercitus
1030 1075 1451 1141 peregrinorum
1504 1073 1654 1139 apud
1696 1073 1950 1123 Accaron
1991 1073 2190 1123 consti-

337 1154 498 1202 tutus
550 1149 973 1200 conversatione
1019 1147 1484 1214 Templariorum,
1527 1146 2012 1212 Hospitaliorume
2071 1145 2190 1196 reli-

338 1218 722 1291 quorumquef
773 1224 923 1272 terre
972 1222 1148 1287 ipsius
1193 1220 1463 1270 baronum
1509 1219 1924 1270 scandalizatus
1963 1218 2190 1285 taleque

339 1296 735 1349 commercium
777 1297 833 1346 et
873 1294 1158 1360 quandam
1199 1293 1615 1358 quodammodo
1645 1294 1913 1343 secretam
1952 1292 2190 1342 familia-

336 1372 565 1421 ritatem
610 1385 804 1420 eorum
846 1385 973 1418 cum
1012 1367 1248 1434 paganis
1283 1366 1570 1417 detestans
1600 1382 1656 1416 se
1685 1365 1752 1415 ab
1782 1382 1975 1416 eorum
2004 1368 2191 1416 aucto-

336 1446 507 1495 ritate
547 1443 872 1508 ducatuque
914 1439 1218 1492 alienavit3
1269 1440 1760 1504 auctoritatequeg'
1809 1439 2034 1505 propria
2072 1439 2193 1505 regi

339 1518 503 1584 cepit,
558 1518 615 1567 et
666 1515 861 1565 multis
912 1517 1031 1564 tam
1082 1512 1322 1580 publicis
1371 1529 1540 1579 quam
1580 1509 1851 1578 privatish
1892 1513 2191 1579 congressi-

338 1585 569 1641 onibusi
616 1606 742 1640 cum
783 1588 1018 1654 paganis
1059 1587 1270 1637 habitis
1309 1587 1605 1636 victoriam
1637 1586 1822 1652 sepius
1857 1588 2192 1636 consecutus

339 1664 557 1714 actibus
598 1662 867 1729 preclaris
904 1660 1207 1711 admodum
1241 1660 1464 1710 enituit.
1531 1659 1803 1710 Videntes
1830 1659 2022 1725 itaque
2051 1675 2192 1710 com-

337 1738 583 1804 patriote
624 1735 892 1786 miliciam
933 1734 1353 1801 peregrinorum
1400 1732 1664 1784 alacriter
1703 1733 1965 1784 incedere
2005 1733 2193 1799 eisque

339 1827 437 1877 pro
478 1812 610 1860 voto
653 1811 858 1859 cuncta
911 1808 1226 1868 succedere,
1281 1808 1427 1858 sicut
1479 1806 1547 1857 ab
1599 1806 1701 1868 his,
1752 1807 1848 1872 qui
1888 1806 2068 1857 eidem
2109 1823 2193 1857 ex-

339 1878 658 1950 pedicionik
683 1881 1086 1940 interfuerunt,
1119 1881 1453 1941 audivimus,
1475 1879 1603 1946 plus
1633 1896 1825 1931 eorum
1853 1879 2194 1933 industriam

340 1974 508 2022 quam
566 1972 917 2022 paganorum
981 1954 1267 2004 maliciam
1326 1955 1643 2004 metuentes
1700 1953 1933 2003 insidias
1990 1955 2194 2019 parant

340 2030 773 2096 peregrinosque
824 2045 1015 2079 omnes
1063 2026 1193 2077 dolo
1235 2027 1570 2078 occidendos
1613 2027 2024 2093 conspiratione
2065 2043 2192 2077 cum

340 2104 575 2170 paganis
615 2102 812 2152 habita
853 2101 1182 2162 deliberant,
1224 2094 1526 2151 Heinricol
1574 2117 1704 2167 rege
1745 2117 1953 2162 eorum,
1995 2102 2061 2149 ut
2089 2099 2193 2151 fer-

340 2181 450 2238 tur,
492 2177 551 2225 in
588 2176 647 2226 id
686 2176 871 2242 ipsum
913 2175 1322 2225 consenciente.
1402 2173 1761 2224 Verebantur
1801 2174 1966 2235 enim,
2018 2190 2105 2235 ne,
2149 2174 2194 2223 si

340 2250 624 2316 peregrini
663 2249 897 2315 paganis
937 2246 1308 2314 prevalerent,
1351 2264 1444 2297 eos
1483 2248 1670 2313 patria
1708 2246 1898 2313 pulsos
1939 2249 2194 2298 arcerent

342 2339 574 2388 eamque
625 2323 680 2371 vi
732 2323 1103 2388 optinentesm
1152 2320 1521 2387 possiderent.
1612 2320 1850 2386 Hacque
1902 2320 1970 2371 de
2026 2337 2195 2371 causa

342 2398 580 2446 mortem
621 2395 709 2446 vel
750 2395 1175 2461 captivitatemn
1223 2410 1414 2444 eorum
1467 2394 1779 2444 machinati
1819 2397 1967 2443 sunt.
2045 2393 2194 2444 Nam

341 2485 436 2533 que
474 2485 571 2519 5¹2ch
609 2472 745 2532 sunt,
797 2485 901 2518 ozon
952 2483 1046 2532 que
1097 2466 1221 2517 Iesu
1279 2465 1516 2518 Clzrz‘sti0
1576 2469 1861 2531 querentes
1906 2467 2193 2533 regionem

342 2543 702 2603 maritimam,
745 2558 851 2607 que
877 2540 1230 2592 fertilissima
1259 2542 1359 2600 est,
1401 2542 1632 2606 propter
1657 2557 1843 2591 rerum
1873 2539 2192 2591 ubertatem

342 2618 568 2665 tantum
610 2615 860 2665 obtinere
902 2613 1271 2674 delectantur,
1320 2612 1677 2664 Hierusalem
1718 2612 2193 2679 sepulchrumque

520 2784 556 2825 a)
581 2780 718 2816 Chfinr.
747 2785 779 2816 2.
872 2783 910 2823 b)
937 2792 1080 2821 gwerra
1105 2784 1136 2814 2.
1230 2784 1261 2821 c)
1289 2783 1453 2814 districte
1478 2784 1510 2814 2.
1604 2781 1642 2824 d)
1670 2784 1740 2822 ipsi
1766 2785 1796 2815 1.
1891 2785 1924 2825 e)
1950 2786 2000 2815 ita
2023 2785 2055 2816 1.
2082 2785 2101 2815 2
2127 2785 2191 2822 (cf.

343 2838 453 2866 supra
476 2838 504 2858 c.
523 2829 578 2867 36,
596 2838 637 2867 p.
659 2829 713 2867 55,
739 2829 763 2859 l.
785 2829 873 2866 15);
905 2827 1240 2866 Hospitalariorum
1271 2827 1395 2857 L'rstis.
1489 2828 1515 2867 f)
1548 2836 1635 2866 -que
1659 2837 1726 2858 om.
1754 2829 1786 2859 1.
1885 2830 1920 2866 g)
1952 2837 2040 2867 -que
2065 2838 2132 2860 om.
2159 2830 2191 2860 1.

343 2873 379 2909 h)
407 2873 527 2911 puatis
554 2874 584 2904 1.
722 2873 748 2911 i)
781 2873 865 2902 -bus
889 2872 960 2901 alio
985 2873 1141 2909 fortasse
1165 2874 1295 2900 atram.
1321 2880 1432 2908 supra
1457 2872 1519 2901 lin.
1545 2872 1663 2910 suppl.
1691 2872 1722 2902 1.
1861 2871 1901 2914 k)
1936 2873 2134 2912 expedioni
2160 2874 2191 2905 1.

343 2915 371 2957 l)
398 2916 510 2946 Henr.
536 2916 568 2947 2.
662 2917 709 2953 m)
737 2916 947 2946 obtinentes
972 2917 1002 2947 2.
1096 2916 1134 2953 n)
1161 2915 1385 2953 captivatem
1410 2916 1441 2945 2.
1536 2915 1572 2955 o)
1599 2915 1744 2946 Christo
1770 2916 1801 2946 2.

523 3047 564 3101 1)
598 3046 808 3087 Heinrico
838 3051 876 3087 et
907 3046 1083 3087 Bodone
1115 3047 1165 3087 cle
1194 3046 1500 3099 Racensbmy,
1537 3047 1744 3088 Heinriei
1782 3048 1833 3087 de
1859 3047 2040 3088 Kalden
2067 3061 2190 3088 mar-

342 3106 476 3146 scalci
505 3106 715 3156 sororiis,
761 3105 920 3147 Chron.
953 3104 1120 3145 Montis
1160 3104 1325 3155 Serem’,
1364 3106 1440 3148 SS.
1472 3106 1664 3155 XXIII,
1689 3119 1736 3158 p.
1763 3108 1870 3160 1703
1913 3107 2062 3149 Imzoc.
2095 3106 2189 3147 III.

2223 945 2270 976 10

2225 1310 2270 1341 15

2225 1678 2273 1708 20

2226 2049 2273 2080 25

2226 2415 2274 2447 30

2226 2834 2272 2866 35

343 3165 464 3217 epist.
498 3164 574 3215 VI,
607 3177 677 3207 nr.
711 3165 780 3207 51.
817 3165 913 3206 113.
1084 3163 1129 3217 2)
1161 3163 1329 3204 Eadem
1361 3165 1497 3216 refert
1528 3164 1715 3206 Arnold.
1749 3164 1857 3207 Lub.
1891 3165 1993 3216 VII,
2027 3167 2068 3208 2.
2125 3165 2188 3208 JV.
2221 3181 2268 3212 40

344 3222 387 3277 3)
430 3221 551 3263 Haec
593 3223 651 3262 ad
692 3228 754 3273 ea,
798 3235 907 3274 quae
949 3225 1113 3262 aestate
1156 3235 1196 3265 α.
1233 3223 1361 3265 1197.
1393 3226 1494 3263 ante
1525 3223 1755 3263 adventum
1779 3224 2039 3276 principum
2069 3224 2190 3274 facta

342 3286 459 3332 sunt,
502 3286 697 3333 spectare
734 3280 961 3333 videntum
1003 3281 1056 3332 cf.
1098 3280 1282 3321 Reineri
1320 3282 1438 3324 Ann.
1481 3295 1521 3324 α.
1559 3283 1686 3332 1197,
1730 3280 1808 3324 SS.
1841 3281 1893 3321 X
1902 3282 1976 3332 VI,
2010 3295 2058 3333 p.
2090 3283 2189 3332 653,

343 3340 370 3381 l.
395 3342 449 3382 26
467 3353 582 3393 sqq.,·
614 3339 722 3392 Roy.
747 3340 796 3379 de
817 3338 1032 3390 Hoveden,
1064 3338 1141 3381 SS.
1165 3339 1373 3391 XXVII,
1397 3353 1445 3392 p.
1472 3341 1570 3390 174,
1603 3340 1630 3383 l.
1654 3342 1710 3383 29
1725 3352 1845 3393 sqq.;
1875 3339 1929 3382 R.
1963 3339 2189 3390 Rehricht,

345 3398 607 3438 ‘Geschtchte
637 3398 710 3438 des
741 3397 1036 3451 Kb‘niyrez'cks
1067 3397 1347 3449 Ierusalem’‚
1372 3411 1419 3450 p.
1445 3399 1529 3442 669
1545 3411 1608 3451 sq.
