2377 3802
94 829 135 859 10

92 1490 135 1521 20

91 1858 133 1889 25

93 2233 135 2264 30

94 2601 135 2633 35

93 2971 137 3000 40

483 143 810 188 CHRONICA
842 143 1274 188 UNIVERSALIS
1317 143 1707 188 TURICENSIS.
1940 147 2022 189 107

165 305 323 334 verum
357 291 493 333 etiam
526 291 838 334 ecclesiasticis
870 290 1117 346 disciplinis
1148 290 1420 333 sufficienter
1451 291 1718 343 instructus3
1757 305 1844 346 que
1874 290 2024 345 religi·
2043 299 2271 337 Rey.a.8·16.

166 350 276 404 onis,
309 363 397 404 que
429 350 566 405 pacis,
599 364 685 404 que
706 350 879 393 iusticie
908 354 1025 403 sunt,
1059 349 1396 392 ardentissimus
1418 354 1645 404 executor,
1678 350 1860 406 ingenio
1892 364 2024 406 per-

164 408 453 464 prudens,
499 409 683 451 consilio
716 408 1148 464 providentissimus,
1192 409 1238 450 in
1282 408 1439 450 dandis
1472 408 1564 451 sive
1597 408 1913 452 subtrahendis
1945 422 2024 464 pu-

164 467 295 510 blicis
328 467 625 522 dignitatibus
658 467 946 510 discrecionis
976 467 1286 509 moderamine
1320 471 1612 522 temperatus,
1658 468 1699 508 in
1746 468 1890 522 prelio
1934 467 2025 510 vic-

166 525 498 580 toriosissimus,
530 531 646 568 tam
680 540 909 569 armorum
942 540 1076 581 quam
1109 525 1418 568 conviviorum
1448 525 1738 580 apparatibus
1770 526 2025 569 studiosior.

167 583 251 627 Cui
297 585 495 628 maxime
543 594 725 640 opusa
775 590 903 627 erant
949 586 1248 627 instrumenta
1295 584 1480 635 bellica,
1532 584 1633 638 plus
1681 583 1871 639 diligens
1918 583 2027 626 ferri

166 643 363 700 rigorem
406 658 539 699 quam
583 644 681 686 auri
724 644 961 700 fulgorem.
1037 644 1165 698 Aput
1208 656 1342 697 quem
1386 655 1520 684 nemo
1565 641 1735 683 inutilis
1775 642 1938 695 valuit,
1982 642 2027 683 in

168 702 293 745 cuius
325 703 466 745 oculis
497 717 682 758 perraro
716 704 836 745 utilis
865 701 1108 758 displicuit,
1143 715 1276 755 quem
1298 714 1431 742 nemo
1455 700 1716 742 muneribus
1738 714 2027 755 corrumpere

166 761 328 817 potuit.
393 762 521 817 Aput
565 776 698 816 quem
743 762 892 804 nullus
936 774 1016 816 per
1058 759 1298 815 pecuniam
1331 758 1682 802 ecclesiasticam
1715 759 1807 802 sive
1840 758 2028 801 munda-

165 834 271 862 nam
304 820 571 877 dignitatem
605 820 816 874 obtinuit,
857 819 936 862 sed
978 818 1123 873 magis
1167 818 1518 860 ecclesiasticam
1561 817 1716 872 probis
1749 818 1950 860 moribus
1985 821 2029 860 et

167 884 321 922 sancta
365 880 725 934 conversacione,
768 878 1044 920 mundanam
1086 877 1249 919 devoto
1292 877 1474 919 servitio
1508 880 1553 919 et
1583 876 1802 919 fidelitate
1841 877 2026 921 sincera.

166 951 273 995 Filii
306 957 501 995 autem
533 952 708 995 huius
739 951 928 1008 regis,
971 939 1120 991 cuius
1160 939 1407 991 memoria
1447 939 1507 991 in
1548 939 1900 992 benedic-tione
1939 938 2277 1017 θθζ,ἷ,’ξῇἰ’,4ᾗ;,,4

166 1025 358 1068 regnum
389 1016 630 1067 paternum
664 1011 747 1053 sic
781 1010 1118 1052 diviserunt:
1151 1008 1490 1052 Karlomannus
1511 1009 1765 1063 Bavariam,
1798 1009 2028 1052 Pannom·
2111 1027 2218 1061 VI.6.

169 1084 264 1125 am,
321 1069 708 1123 Carinthiam,
770 1068 1061 1121 Bohemiam,
1120 1067 1395 1122 Moraviam,
1444 1068 1712 1112 Ludewicus
1761 1069 2028 1112 orientalem

116 1137 135 1167 5
167 1128 422 1182 Franciam,
456 1128 735 1184 Turingiam,
768 1127 1032 1180 Saxoniam,
1054 1126 1270 1182 Fresiam,
1295 1127 1653 1183 Lotharingiam,
1677 1127 1876 1170 Karolus
1898 1142 2026 1170 vero

167 1188 488 1230 Alemanniam
532 1191 577 1230 et
618 1187 836 1241 quasdam
884 1186 1090 1230 civitates
1134 1186 1434 1243 Lotharingie
1480 1195 1669 1242 propter
1714 1187 1806 1229 vini
1851 1187 2026 1242 copiam

167 1261 354 1317 accepit.
443 1251 694 1302 Istarum
755 1251 996 1301 duarum
1055 1250 1302 1301 filiarum
1363 1252 1578 1303 cineres
1634 1251 1842 1302 sacrati
1899 1267 2027 1302 cum

167 1325 386 1377 ossibus
428 1326 496 1376 de
537 1325 778 1392 lapideis
818 1325 1129 1391 sarcofagis
1163 1325 1562 1386 subterraneiS,
1604 1326 1664 1375 in
1705 1325 1909 1392 quibus
1952 1325 2027 1375 di-

167 1399 422 1451 stinctim
464 1399 687 1466 sepulte
728 1415 827 1466 per
860 1415 1038 1449 annos
1066 1399 1187 1450 fere
1219 1398 1406 1450 CCCC
1435 1399 1747 1460 iacuerant,
1792 1398 2027 1465 diligen·

165 1473 383 1525 tissime
425 1476 482 1524 et
524 1473 747 1524 divisim
790 1472 1156 1539 colliguntur.
1226 1472 1337 1524 Sed
1377 1473 1435 1523 in
1477 1473 1773 1539 sarcofago
1816 1466 2018 1524 altarib

168 1547 333 1599 beate
362 1547 615 1614 Virginis
655 1547 994 1614 proximiore
1036 1563 1160 1598 ossa
1201 1550 1258 1598 et
1300 1547 1514 1598 cineres
1542 1546 1783 1597 illustris
1814 1546 2025 1597 Berthe
2105 1607 2129 1617 .-

167 1638 314 1672 anno
368 1620 601 1672 Domini
641 1619 1107 1671 M⁰CC0LXX110
1158 1621 1378 1672 decimo
1439 1621 1532 1671 Kl.
1594 1620 1886 1681 Novemb„
1947 1606 2173 1694 in-gg⁴33·

167 1695 390 1746 dicione
442 1695 646 1761 prima,
704 1694 806 1745 sub
862 1693 1139 1760 Gregorio
1190 1712 1336 1762 papa
1387 1694 1482 1756 XO,
1537 1695 1639 1746 sub
1694 1694 2025 1746 Eberhardo

166 1768 427 1836 episcopo
488 1767 916 1819 Constantiensi
975 1768 1044 1819 de
1093 1769 1464 1828 WValtburch,
1526 1769 1629 1820 sub
1692 1767 2025 1819 Elizabetha

167 1842 456 1894 abbatissa
507 1841 679 1892 Thur.
735 1842 889 1893 dicta
942 1842 1010 1894 de
1064 1842 1495 1903 Wezink0n0·1‚
1548 1843 1608 1892 in
1666 1842 1847 1893 altero
1894 1857 2025 1892 vero

165 1933 312 1967 novo
365 1916 660 1983 sarcofago
714 1916 996 1967 consimili
1037 1919 1094 1967 et
1134 1917 1295 1983 quasi
1347 1917 1617 1984 contiguo
1670 1933 1795 1967 ossa
1848 1918 1904 1967 et
1957 1915 2026 1966 ci-

166 2006 328 2042 neres
367 1989 609 2041 illustris
650 1989 1008 2057 Hiltegardis
1048 1991 1332 2041 reconditi
1372 1993 1506 2041 sunt
1535 1991 1803 2042 decenter
1843 1992 1899 2041 et
1940 1989 2027 2039 de-

166 2066 297 2116 vote
350 2081 499 2115 anno
549 2064 783 2115 Domini
822 2063 1324 2115 MOCCOLXXIHO
1374 2065 1574 2132 quinto
1615 2064 1710 2114 Kl.
1753 2062 2024 2122 Ianuarii,
2049 2049 2174 2091 1272·

166 2137 436 2190 videlicet
473 2138 623 2189 festo
652 2138 1052 2200 Innocentum,
1096 2138 1247 2204 quod
1274 2141 1414 2190 tunc
1446 2139 1504 2188 in
1535 2141 1796 2205 qual-bam
1826 2137 2027 2189 feriam
2046 2107 2198 2137 Dec-2⁸·

168 2212 374 2273 evenit,
416 2212 704 2263 indicione
745 2212 1020 2279 predicta,
1063 2213 1167 2263 sub
1210 2229 1372 2280 papa,
1417 2213 1696 2280 episcopo⁷
1740 2211 2029 2262 abbatissa

167 2286 490 2337 antedictis.

345 2355 462 2411 Utd
502 2362 693 2411 autem
736 2359 977 2410 affectus
1018 2359 1342 2421 laudabilis,
1392 2376 1557 2426 quem
1598 2360 1707 2411 iste
1749 2358 2027 2410 serenissi-

167 2450 292 2484 mus
341 2451 455 2495 rex,
510 2433 670 2485 cuius
723 2433 996 2484 memoria
1047 2433 1112 2484 ab
1165 2431 1442 2485 (mdia-ione
1494 2433 1635 2484 mala
1674 2450 1777 2484 non
1817 2429 2026 2494 timebit,
2046 2453 2105 2483 Ps.
2127 2453 2252 2492 nm.

167 2507 374 2560 habuit
424 2507 496 2558 ad
547 2507 978 2569 monasterium,
1036 2507 1183 2574 quod
1238 2508 1357 2575 ipse
1409 2508 1678 2558 fundavit
1729 2506 2027 2574 magnifice

167 2582 310 2632 mira
350 2582 483 2633 dote
522 2581 583 2632 in
623 2583 896 2633 honorem
950 2581 1434 2632 sanctissimorum
1482 2582 1780 2631 martirum
1822 2579 2028 2631 Felicis

169 2658 227 2708 et
265 2655 502 2723 Regule,
545 2672 785 2722 quorum
827 2672 1062 2722 corpora
1093 2655 1154 2705 in
1183 2655 1381 2707 eodem
1412 2655 1755 2707 monasterio
1797 2654 1864 2705 ab
1906 2654 2028 2721 ipso

167 2732 492 2782 reverenter
544 2729 777 2780 condita
827 2729 1208 2796 requiescunt,
1263 2746 1328 2780 ac
1380 2729 1450 2780 ob
1506 2729 1872 2780 dilectionem
1913 2744 2029 2794 spe-

169 2803 399 2865 cialem,
460 2820 629 2870 quam
684 2803 903 2870 liquido
958 2805 1119 2870 patet
1175 2802 1440 2854 habuisse
1494 2803 1566 2854 ad
1616 2802 2029 2853 illustrissimas

169 2877 314 2928 filias
368 2894 496 2928 suas
551 2877 675 2928 Deo
727 2877 970 2928 maxime
1022 2877 1254 2929 devotas
1306 2877 1555 2944 virgines
1613 2875 2027 2928 immaculatas

175 2951 481 3002 Bel-thame
534 2950 752 3002 scilicet
804 2953 861 3002 et
912 2950 1329 3018 Hiltegardem,
1372 2968 1612 3018 quarum
1661 2967 1911 3018 corpora,
1964 2954 2029 2998 ut

347 3138 381 3175 a)
408 3145 497 3176 opes
523 3137 650 3167 recn'us
672 3137 821 3176 Reyino.
922 3138 959 3177 b)
986 3138 1035 3168 -ri
1059 3139 1133 3168 αῑία
1160 3147 1268 3168 manu
1293 3142 1378 3169 mut.
1405 3140 1473 3170 -ris
1499 3139 1577 3169 1*a.
1678 3140 1709 3177 c)
1745 3140 1793 3168 ita
1817 3136 1897 3177 1**;
1925 3137 2027 3169 XVer-

169 3181 303 3213 zinkon
329 3179 406 3211 1*a.
500 3180 535 3221 d)
560 3179 725 3212 Tandem
751 3181 812 3212 aff.
838 3181 913 3212 1**.
1007 3182 1041 3221 e)
1067 3182 1265 3212 Berchtam
1290 3182 1364 3213 1**.

350 3327 392 3384 1)
426 3329 480 3371 A.
506 3328 818 3372 1269—1298.
850 3351 908 3357 —-
939 3327 1005 3367 De
1035 3328 1330 3369 translatione
1360 3327 1553 3369 Bertlzae
1585 3332 1621 3368 et
1652 3327 1943 3380 Hildeqardis
1973 3328 2026 3378 cf.

170 3389 216 3432 J.
249 3387 418 3429 Eschm·
450 3391 485 3427 et
515 3386 566 3429 P.
601 3386 856 3437 Schweieer,
891 3385 1005 3428 (ΠΒ.
1039 3386 1118 3426 der
1151 3385 1281 3426 Stccdt
1311 3387 1402 3427 und
1422 3385 1705 3438 Lccndschaft
1725 3385 1916 3427 Zae‘irich’
1938 3385 1969 3424 Ι
1977 3385 2025 3436 V,

95 3458 139 3490 45
171 3460 241 3490 nr.
266 3449 394 3499 1507,
420 3460 467 3499 p.
492 3447 591 3496 221,
629 3445 704 3486 aba·
731 3445 824 3485 dies
854 3449 892 3486 et
925 3457 1087 3486 menses
1116 3444 1283 3488 desunt.
