2377 3802
0 307 45 346 ᾗ).
61 308 137 340 313.

90 973 131 1003 10

86 1341 126 1372 15

84 1712 127 1742 20

83 2080 124 2112 25

84 2450 126 2482 30

83 2887 124 2919 35

81 3221 125 3252 40

545 136 816 183 OTTONIS
849 138 929 181 DE
962 139 1006 184 S.
1043 138 1270 183 BLASIO
1303 138 1643 185 CHRONICA.
1975 145 2030 186 25

162 288 323 339 *suos
362 288 566 340 tollere
608 289 794 348 liceat,
850 291 1184 358 suppliciter
1234 291 1552 343 obsecrant.
1633 291 1797 355 Quod
1840 310 1871 344 a
1913 303 2174 360 pre-1167.

168 362 384 413 sulibus
435 363 543 414 hac
596 364 928 415 condicione
975 368 1060 416 est
1107 381 1451 423 concessum,
1506 366 1723 418 scilicet
1774 370 1839 416 ut
1891 366 2027 417 occi-

168 453 354 487 sorum
407 436 496 486 vel
549 438 899 504 captivorum
954 455 1019 489 eo
1060 438 1239 505 prelio
1280 455 1578 488 numerum
1620 456 1686 489 ex
1727 457 1827 489 sua
1868 442 2028 506 parte

167 512 566 577 computantes
618 511 720 562 sub
775 512 1145 563 attestatione
1197 511 1565 561 iurisiurandi
1623 512 1760 578 ipsis
1816 513 2027 579 scripto

165 586 560 650 presentare-nt
608 588 665 635 et
717 585 795 636 sic
849 586 1077 636 demum
1130 600 1266 650 pace
1315 584 1450 634 data
1490 587 1744 635 mortuos
1785 602 1914 636 suos
1957 587 2026 636 ad

165 657 514 724 sepulturam
545 657 833 710 tollerent.
897 657 1021 720 Qua
1050 657 1477 724 computatione
1504 657 1662 708 facta
1688 659 2028 709 invenerunt

164 731 477 782 occisorum
530 748 629 783 seu
675 732 1031 798 captivorum
1083 731 1151 781 de
1193 730 1308 780 suis
1348 731 1455 782 hoc
1503 731 1679 798 prelio
1731 749 2027 783 numerum

165 805 237 855 ad
308 805 630 871 quindecim
698 804 891 854 milial
969 804 1215 869 dataque
1269 803 1509 855 licencia
1561 805 1837 856 cadavera
1890 807 2028 857 occi-

164 895 350 929 sorum
383 880 610 929 demum
651 894 777 928 cum
819 877 1064 927 maximo
1106 876 1324 928 eiulatu
1351 878 1623 930 tollentes
1665 879 2024 946 sepelierunt.

281 952 387 1002 His
428 951 639 1002 auditis
681 951 831 1018 apud
873 951 1168 1001 Anconam
1211 967 1368 1002 cesar
1409 955 1465 1003 et
1506 953 1688 1003 omnis
1729 954 2025 1014 exercitus,

163 1028 400 1077 Ancona
441 1025 748 1075 dediticiaa
794 1025 968 1083 facta,
1012 1024 1201 1075 soluta
1241 1025 1534 1077 obsidione
1577 1029 1776 1077 contra
1818 1027 2025 1078 Urbem

163 1117 291 1150 cum
344 1098 519 1165 copiis
569 1099 819 1149 tendunt
870 1098 1166 1165 ipsamque
1218 1098 1359 1149 forti
1407 1101 1769 1168 aggressione
1809 1101 2024 1168 impug-

160 1176 364 1223 nantes
391 1166 732 1222 invaduntb.
795 1171 958 1223 Cives
986 1172 1179 1238 itaque
1210 1173 1486 1240 superiori
1515 1173 1666 1226 bello
1696 1175 2021 1226 exhaustis⁰
2042 1190 2132 1225 (lul.
2153 1191 2230 1228 24)-

159 1245 370 1297 viribus
423 1246 677 1296 enervati
727 1246 985 1313 inprimis
1037 1252 1346 1313 utcumque
1401 1248 1587 1299 menia
1630 1249 2021 1307 defendentes

161 1320 337 1370 cesari
388 1320 526 1370 totis
576 1320 792 1370 viribus
833 1320 1043 1371 Urbem
1096 1321 1438 1388 irrumpenti
1490 1322 1733 1372 maxima
1792 1339 2021 1373 suorum

159 1393 320 1444 clade
363 1396 595 1461 accepta
636 1389 883 1445 ceduntd
930 1397 987 1445 et
1028 1395 1098 1444 ad
1141 1394 1407 1446 ecclesias
1448 1398 1506 1446 et
1546 1396 1616 1445 ad
1647 1413 1867 1462 queque
1909 1414 2024 1446 mu-

157 1468 281 1518 nita
333 1467 678 1534 confugiunt
729 1471 785 1519 et
836 1468 1104 1535 precipue
1156 1469 1227 1518 ad
1281 1468 1547 1520 Sanctam
1596 1469 1833 1520 Mariam
1890 1473 2022 1522 ante

159 1541 433 1592 Sanctum
473 1541 707 1593 Petrum
762 1545 819 1593 et
867 1542 938 1592 ad
980 1542 1276 1593 ecclesiam
1318 1543 1473 1594 beati
1513 1543 1686 1604 Petri,
1729 1561 1895 1610 quam
1940 1561 2021 1595 ca-

159 1615 315 1666 stelli
364 1616 486 1666 vice
538 1616 878 1678 munierant,
934 1617 1268 1683 congregati
1321 1617 1507 1668 denuo
1547 1634 1647 1684 pro
1689 1635 1851 1685 posse
1893 1619 2020 1668 resi-

159 1692 335 1739 stunt.
435 1689 652 1740 Milites
712 1693 905 1741 autem
965 1690 1170 1740 cesaris
1231 1690 1498 1741 ecclesias
1564 1693 1783 1742 armata
1848 1709 2021 1742 manu

159 1763 411 1830 aggressi
451 1763 642 1814 valvas
672 1763 908 1815 ecclesie
936 1764 1091 1815 beati
1121 1764 1277 1815 Petri
1320 1763 1377 1815 in
1417 1763 1588 1815 securi
1628 1769 1675 1815 et
1700 1764 1847 1816 ascia
1890 1764 2095 1816 deae-12⁸.
2118 1781 2218 1820 73‚6.

158 1841 339 1888 cerunt
375 1837 667 1904 ipsamque
708 1838 944 1889 ductore
974 1838 1262 1889 Friclricoe
1313 1839 1380 1889 de
1409 1838 1766 1890 Rotinburch
1807 1839 2020 1890 infesta

158 1911 321 1977 signa-
372 1928 549 1977 usque
603 1912 674 1962 ad
727 1911 908 1962 altare
959 1912 1181 1962 ferente
1233 1912 1513 1963 occisione
1557 1912 1866 1963 multorum
1907 1913 2017 1980 pol·

157 1984 391 2036 luerunt
409 1985 442 2045 ‘-',
485 1985 582 2036 sed
612 1988 668 2036 et
698 1985 995 2036 ecclesiam
1023 1985 1187 2036 beate
1216 1986 1396 2036 Marie
1429 1987 1560 2051 igne
1591 1987 2216 2049 succendenteS‚(1uz.29)-

156 2058 473 2126 profligatis
502 2059 782 2110 occisione
811 2060 926 2111 sive
955 2059 1340 2126 captivatione
1368 2060 1511 2111 inibi
1537 2061 1792 2127 repertiS,
1837 2061 2018 2112 multa

155 2133 441 2200 rapientes
494 2133 673 2200 spolia
712 2134 1178 2200 profanaverunt,
1232 2137 1298 2184 ut
1350 2134 1491 2185 bene
1537 2134 1684 2185 illud
1726 2134 2018 2201 psalmiste

157 2207 229 2257 ad
269 2206 524 2258 litteram
565 2206 864 2274 impletum
907 2225 1025 2259 esse
1064 2208 1354 2258 videatur:
1416 2207 1584 2272 Quasi·
1632 2207 1695 2258 2772
1742 2207 1882 2259 silva
1927 2207 2302 2272 I2‘‚q-Ps.73,5.6.7.

155 2297 343 2331 aeorum
393 2276 693 2332 seem-ibusf
739 2280 1047 2333 exciderunt
1090 2280 1287 2332 ianuas
1326 2280 1439 2332 eius
1476 2280 1537 2332 in
1578 2280 1672 2332 idg
1716 2281 1905 2348 ipsum,
1958 2281 2019 2333 ‘in

155 2348 361 2406 seem-ih
417 2359 466 2406 et
521 2353 668 2406 ascia
720 2354 1015 2406 deiecerunt
1063 2373 1193 2407 eam.
1285 2355 1649 2407 Incendermzt
1699 2354 1820 2421 {9225
1872 2373 2018 2408 sanc-

157 2422 417 2479 marinoni
470 2432 616 2480 tuum
665 2428 725 2479 in
775 2434 940 2491 terra,
988 2429 1298 2495 polluerunt
1345 2429 1739 2480 tabernaculzmz
1787 2428 2020 2480 nominis

157 2501 252 2553 tui.
455 2502 632 2553 Facta
685 2506 770 2554 est
823 2504 926 2555 hec
980 2504 1223 2571 irruptio
1276 2498 1483 2554 Urbisk
1540 2520 1640 2570 per
1698 2503 2017 2554 Fridricum

158 2593 405 2627 cesarem
457 2577 517 2626 in
568 2577 720 2628 Iulio
761 2595 969 2636 mense,
1024 2594 1172 2628 anno
1226 2577 1295 2628 ab
1347 2577 1743 2628 incarnatione
1786 2577 2018 2628 Domini

156 2648 500 2700 M0CLXV1.
519 2650 552 2699 3.
727 2650 898 2702 Cesar
935 2652 1130 2718 itaque
1160 2652 1266 2702 hae
1307 2651 1528 2702 utinam
1568 2668 1685 2701 non
1713 2654 2018 2702 consecuta

155 2723 394 2774 victoria
432 2724 667 2791 potitus,
710 2728 982 2777 coronata
1020 2725 1382 2793 imperatrice
1399 2726 1434 2786 4,
1477 2725 1547 2776 ab
1590 2724 1743 2776 Urbe
1783 2725 2015 2787 recedit,
2036 2744 2175 2781 (aaa).

333 2881 368 2919 a)
393 2879 540 2912 dedieia
564 2883 596 2912 2.
690 2882 727 2920 b)
751 2881 933 2914 invadunt
957 2893 1025 2915 om.
1053 2885 1084 2914 1.
1187 2885 1220 2925 e)
1248 2884 1418 2914 exhausti
1445 2888 1493 2919 et,
1522 2887 1557 2914 et
1583 2884 1659 2913 αἷῐα
1683 2887 1720 2913 ul
1746 2884 1885 2913 videtur
1908 2892 2017 2913 mmm

157 2926 193 2954 in
218 2925 296 2955 loco
321 2934 403 2955 raso
429 2928 460 2959 1.
551 2925 589 2967 d)
613 2925 794 2958 cederunt
818 2928 848 2961 2.
940 2930 973 2969 e)
999 2927 1144 2962 Frider.
1168 2929 1200 2959 2.
1293 2929 1320 2967 f)
1346 2928 1536 2959 securibus
1562 2937 1631 2958 om.
1651 2929 1683 2958 1.
1776 2929 1814 2967 g)
1840 2926 1877 2958 id
1895 2937 1963 2958 om.
1984 2929 2015 2958 1.

157 2969 193 3009 h)
219 2970 256 2999 in
281 2970 403 3000 securi
426 2979 495 3001 om.
523 2972 554 3000 1.
645 2971 672 3011 i)
699 2971 764 3003 set—1
788 2973 820 3002 1.
914 2972 954 3012 k)
978 2973 1090 3004 Urbis
1116 2982 1185 3003 om.
1213 2973 1244 3003 2.

335 3087 377 3142 1)
411 3087 565 3140 Supra
595 3101 742 3129 novem
773 3090 903 3130 milia
929 3090 1237 3131 Romanor-mn
1261 3103 1372 3142 cesa,
1405 3093 1594 3143 quinque
1615 3090 1742 3130 milia
1765 3093 1803 3130 et
1823 3090 2018 3142 amplius

155 3151 285 3200 capta
316 3159 404 3187 esse
431 3146 678 3187 Reinaldus
706 3149 799 3201 ipse
830 3148 1119 3201 (Sadendm-f,
1165 3149 1425 3202 Reyz'strum
1463 3149 1528 3199 II,
1555 3162 1603 3201 p.
1629 3151 1736 3199 1473
1770 3150 1824 3201 cf.
1851 3147 2014 3189 Chron.

155 3209 281 3259 reyia
315 3205 483 3252 Calon.)
514 3206 682 3258 tradit;
724 3206 819 3256 fere
850 3209 876 3250 9
916 3208 1045 3248 milia
1077 3220 1238 3259 caesos,
1269 3212 1421 3260 captos
1450 3209 1542 3259 fere
1564 3208 1658 3247 tria
1686 3207 1815 3247 habet
1835 3208 2012 3259 Appen-

157 3266 238 3309 dix
268 3265 328 3305 ad
357 3265 408 3307 G.
431 3264 562 3307 Frid.
596 3278 636 3307 α.
663 3266 800 3315 1168;
834 3264 953 3306 ultra
980 3264 1069 3306 duo
1092 3265 1218 3306 milia
1249 3264 1490 3318 interfecti,
1522 3265 1623 3319 plus
1646 3264 1701 3306 de
1724 3264 1868 3306 tribus
1890 3263 2013 3306 mille

156 3322 278 3377 capti
309 3324 454 3364 Amm.
477 3323 640 3375 Laud„
677 3324 753 3366 SS.
777 3323 965 3375 XVIII,
992 3338 1039 3376 Ρ.
1064 3326 1163 3367 652.
1282 3324 1326 3376 2)
1357 3324 1490 3376 Quae,
1523 3327 1664 3364 nescio
1685 3336 1747 3363 cm
1759 3336 2013 3376 perperam,

154 3384 204 3422 in
223 3383 407 3423 dubium
428 3385 595 3424 vocavit
618 3382 902 3433 Giesebrecht,
927 3382 1104 3425 (ΒΚΖ.)
1130 3383 1179 3434 V,
1196 3396 1243 3435 p.
1263 3384 1363 3426 546.
1397 3382 1472 3433 VJ,
1490 3395 1537 3435 p.
1556 3383 1643 3425 468
1658 3395 1721 3434 sq.
1828 3382 1873 3436 3)
1905 3381 2010 3422 Rec-

154 3444 243 3481 tius
275 3443 403 3486 1167.
460 3441 525 3486 W.
675 3442 722 3495 4)
757 3441 842 3482 Die
875 3444 912 3485 1.
937 3443 1048 3493 Any.
1073 3443 1200 3485 1167.
1259 3441 1323 3484 W.
