2377 3802
163 198 287 241 1191.

142 857 285 895 (Maio).

155 1076 284 1113 (Ima).

87 1296 196 1333 [Any.
213 1296 282 1333 24).

144 1366 282 1406 (Any).

306 39 362 81 56
689 29 957 74 OTTONIS
992 29 1070 71 DE
1103 28 1148 73 S.
1182 28 1411 71 BLASIO
1445 29 1784 76 CHRONIOA.

308 184 668 247 Siciliamque
720 182 943 231 mortuo
989 178 1449 230 νὶῖ11101101111οὅῑ·1
1498 182 1783 247 possidere
1834 181 2045 243 volens,
2099 183 2159 231 in

307 255 673 322 Campaniam
728 271 856 304 011111
908 253 1158 304 exercitu
1219 253 1452 304 divertit
1509 254 1993 321 rebellantemque
2053 255 2158 306 sibi

305 332 483 380 totam
524 331 735 377 terram
775 327 1010 377 invenit.
1090 325 1237 376 Nam
1265 330 1490 377 mortuo
1521 327 1831 379 Wilhelmo
1871 345 2002 395 rege
2043 328 2157 394 qui-

305 404 434 453 dam
476 394 962 467 consanguineusb
1012 400 1130 450 eius
1185 400 1252 450 de
1294 416 1499 465 genere
1539 400 1784 466 Rogerii,
1834 401 2157 452 Tancredus

302 475 583 528 11011111102,
625 473 1018 540 tyrannidemss
1053 473 1111 522 in
1143 472 1350 533 Sicilia,
1395 489 1501 539 que
1529 474 1723 523 nutrix
1750 476 2155 541 tyrannorume
2191 490 2211 519 5

304 549 371 599 ab
414 549 647 614 antiquo
688 547 802 603 fuit
820 547 852 608 3,
907 546 1007 597 sub
1048 546 1204 613 regio
1244 547 1473 596 nomine
1515 546 1825 613 arripiens4
1867 564 1994 597 cum
2035 565 2157 598 con-

303 639 470 673 sensu
511 619 799 671 omnium5
849 620 1024 686 ipsius
1071 621 1221 670 terre
1273 619 1544 670 baronum
1601 620 2009 686 civitatumque
2061 621 2156 670 im-

303 695 552 762 peratori
605 694 880 744 violenter
932 694 1145 744 restitit
1196 693 1492 759 ipsumque
1545 693 1612 744 de
1666 694 1986 744 hereditate
2034 711 2157 744 con-

303 770 467 835 iugis,
498 768 680 834 quoad
712 763 909 829 vixitd,
941 767 1396 818 constantissime
1426 766 1795 833 propulsavit.
1838 767 2157 833 Imperator

304 843 496 907 itaque
552 840 853 907 Neapolim
910 840 1180 891 rebellem
1243 840 1548 907 Campanie
1609 840 1805 891 urbem
1865 840 2156 891 obsidione
2192 856 2232 885 ιο

303 915 554 971 vallavit„
609 916 815 964 cuncta
862 914 920 963 in
970 914 1213 964 circuitu
1253 917 1405 964 terra
1443 914 1574 980 igne
1614 914 1877 980 ferroque
1916 916 2156 964 vastata.

306 988 429 1050 Quo
468 1005 566 1038 rex
606 987 953 1037 Francorum
996 988 1064 1038 de
1103 988 1483 1037 transmarina
1529 988 1892 1054 expedicione
1932 987 2157 1039 rediens

305 1062 374 1111 ad
435 1078 561 1111 eum
622 1060 814 1110 venitG
871 1061 1089 1127 ipsique
1142 1061 1541 1112 confederatus
1584 1062 2039 1127 honorificequee
2081 1061 2157 1111 di-

303 1134 503 1184 missus
561 1135 619 1183 in
681 1133 979 1184 Franciam
1035 1130 1230 1183 suanis
1286 1135 1473 1185 rediit.
1567 1135 1910 1185 Pestilencia
1963 1135 2156 1201 itaque

304 1207 614 1258 exercitum
670 1209 945 1273 tangente
1004 1207 1183 1257 nichil
1239 1209 1537 1274 proficiens
1592 1209 1899 1275 imperator
1955 1209 2022 1258 de
2078 1225 2155 1259 re·
2190 1231 2230 1261 15

302 1281 644 1347 patriatione
687 1280 980 1347 disposuit.
1060 1280 1128 1330 In
1171 1298 1283 1347 qua
1311 1299 1466 1332 mora
1503 1299 1534 1331 a
1575 1282 1911 1348 quibusdam
1938 1282 2154 1332 baroni-

301 1355 404 1405 bus
445 1354 653 1421 Apulie
693 1354 1023 1421 propinquis
1065 1353 1216 1404 311137
1254 1355 1584 1422 imperatrix
1632 1355 1889 1422 capiturS
1929 1359 1986 1406 et
2027 1373 2155 1406 cum

301 1428 546 1478 maxima
586 1428 893 1495 diligencia
934 1428 1220 1479 custodita
1247 1429 1304 1478 in
1336 1430 1668 1495 captivitate
1699 1429 1989 1479 detinetur
2019 1432 2155 1479 tem-

300 1519 433 1568 pore
475 1501 786 1568 aliquanto.
867 1501 1073 1552 Flebili
1102 1518 1235 1568 ergo
1276 1502 1593 1568 1)1·1110111109
1634 1503 1703 1552 ad
1746 1502 2154 1569 optinendamg

299 1575 569 1642 Apuliam
610 1575 919 1642 imperator
953 1575 1374 1636 dehonestatus,
1419 1577 1515 1626 sed
1544 1575 1766 1626 meliori
1792 1576 2154 1642 postmodum
2188 1592 2229 1621 20

298 1648 569 1699 fortuna9
638 1666 799 1709 113113,
880 1649 950 1699 ad
1012 1648 1303 1715 Cisalpina
1366 1650 1712 1716 regreditur,
1779 1650 1937 1700 facta
2000 1649 2153 1717 prius

295 1722 608 1789 apostolico
662 1723 730 1773 de
784 1722 1116 1789 captivitate
1169 1723 1425 1790 coniugis
1486 1722 1913 1789 querimoniam.
2011 1724 2154 1790 Apo-

296 1796 530 1846 stolicus
581 1799 773 1847 autem
828 1799 1143 1847 commotus
1183 1799 1602 1863 presumptores
1652 1797 1820 1847 huius
1860 1797 1958 1858 rei,
1999 1799 2154 1847 terra

296 1886 487 1919 eorum
549 1869 651 1920 sub
704 1870 1013 1920 interdicto
1072 1871 1280 1937 posita,
1335 1871 1702 1921 anathemate
1755 1871 2093 1921 constrinxit
2111 1870 2174 1918 Π,

294 1942 824 2010 imperatricemque
854 1943 1188 2010 captivitate
1216 1943 1460 1995 relaxari
1500 1944 1687 2011 coegit
1705 1943 1763 2006 12,
1807 1961 1976 2010 quam
2006 1946 2152 2011 post·
2185 1968 2226 1998 225

472 2066 506 2102 a)
531 2064 729 2095 VVilhelmo
756 2065 787 2094 2.
865 2064 901 2104 b)
928 2073 1183 2102 consangneus
1209 2065 1240 2094 1.
1320 2064 1353 2101 0)
1378 2065 1513 2094 tirann.
1540 2065 1572 2096 2.
1651 2062 1691 2102 d)
1717 2056 1739 2102 ὃ
1765 2064 1877 2094 31111ἰέ
1902 2066 1934 2095 1.
2005 2064 2038 2104 0)
2065 2072 2153 2103 -que

295 2118 362 2139 om.
391 2110 421 2139 1.
515 2109 542 2147 f)
567 2117 670 2139 suam
695 2109 789 2138 linea
813 2109 931 2139 eodem
955 2111 1083 2139 atram.
1104 2110 1279 2147 perducta
1303 2109 1371 2141 del.
1398 2109 1429 2139 1.
1524 2109 1560 2148 g)
1589 2107 1828 2139 obtinendam
1852 2108 1884 2140 2.

475 2214 517 2266 1)
568 2211 653 2262 Qui·
683 2225 724 2255 α.
750 2213 877 2255 1189.
909 2212 1016 2254 Nov.
1051 2213 1120 2256 18.
1164 2212 1280 2255 obiit.
1434 2211 1478 2266 2)
1525 2212 1675 2253 Comes
1705 2212 1756 2252 de
1786 2211 1936 2264 Lecce,
1969 2215 2154 2265 spurius

294 2272 477 2324 Royerii
517 2272 607 2323 filii
646 2271 830 2323 Royerii
858 2271 925 2313 II.
969 2273 1100 2324 reyz'S.
1252 2270 1296 2326 3)
1345 2270 1439 2311 Otto
1470 2271 1593 2313 Fris.
1631 2271 1793 2314 Chron.
1824 2271 1891 2322 H,
1916 2272 1983 2322 19,
2008 2284 2057 2324 p.
2081 2272 2150 2323 90,

293 2330 321 2373 l.
347 2333 399 2373 11
419 2343 508 2383 sq..·
537 2328 691 2371 Sicilia
713 2363 723 2374 .
749 2364 758 2373 .
783 2364 792 2373 .
825 2332 1121 2383 tyrannorum
1154 2343 1295 2383 usque
1328 2329 1374 2370 in
1405 2331 1661 2383 presentem
1694 2328 1815 2370 diem
1839 2328 1975 2370 fuisse
1997 2329 2153 2370 nutrix
2184 2339 2226 2369 30

293 2387 490 2430 traditur
533 2391 610 2441 (eoe
655 2388 809 2430 Orosio
853 2387 927 2440 II,
975 2390 1044 2441 14,
1082 2390 1128 2436 1)
1141 2402 1154 2437 ,·
1200 2390 1255 2440 ef.
1301 2388 1482 2440 Armclfi'
1523 2388 1629 2440 Say.
1674 2388 1732 2428 In
1777 2389 1875 2432 Gir.
1918 2392 2004 2432 inv.
2043 2402 2076 2432 e.
2107 2390 2148 2441 8,

294 2447 372 2491 SS.
406 2448 518 2500 XII,
544 2462 592 2501 p.
617 2450 727 2491 719:
760 2446 894 2488 altrix
925 2449 1221 2500 tyrannorum
1255 2445 1422 2490 Sicilia.
1568 2449 1614 2500 4)
1642 2446 1864 2488 Panormi
1892 2452 2151 2500 coronatus,-

295 2507 345 2546 de
377 2508 444 2547 die
481 2512 520 2547 et
553 2520 670 2547 aimo
701 2507 912 2559 (sonasse
945 2508 1135 2549 a.1190.
1171 2504 1417 2555 Ianuario)
1457 2517 1546 2546 non
1589 2510 1770 2547 constat.
1839 2506 1904 2558 Cf.
1947 2505 1998 2548 F.
2035 2505 2149 2546 Cha-

295 2566 474 2616 landon,
521 2566 736 2606 ‘Histoire
765 2566 816 2606 cle
848 2566 893 2606 la
923 2566 1198 2606 domination
1239 2565 1486 2605 normande
1517 2577 1569 2604 en
1600 2564 1732 2604 Italie
1764 2568 1801 2603 et
1831 2577 1883 2605 en
1914 2564 2066 2606 Sicile’
2098 2564 2156 2604 II

297 2626 474 2676 (1907),
499 2638 546 2676 p.
569 2626 658 2667 424
673 2637 734 2676 sq.
867 2622 909 2679 5)
941 2624 1041 2664 Non
1072 2625 1280 2666 omnium.
1411 2624 1454 2677 6)
1487 2623 1630 2664 Immo
1661 2623 1976 2674 Mediolanum,
2011 2636 2151 2664 mense
2184 2633 2224 2662 35

295 2683 524 2722 Decembri
565 2696 607 2723 α.
643 2685 778 2734 1191;
829 2683 883 2725 A.
930 2682 1191 2734 Cartellieri,
1236 2681 1430 2734 ‘Philipp
1459 2681 1521 2724 II.
1565 2682 1762 2734 Auqust’
1805 2682 1870 2734 H,
1906 2695 1954 2734 p.
1978 2684 2065 2726 255
2086 2695 2150 2735 sq.

297 2740 339 2793 7)
374 2741 439 2781 De
469 2745 723 2793 aequatione
752 2753 840 2781 non
872 2745 1052 2783 constat.
1189 2739 1233 2795 8)
1268 2740 1458 2783 Salerni.
1597 2741 1641 2794 9)
1679 2739 1798 2783 Ovicl.
1832 2741 2009 2783 Bletam.
2043 2741 2148 2792 VII,

294 2800 406 2842 518:
449 2797 623 2840 Flebile
663 2798 937 2853 principium
977 2797 1140 2840 melior
1181 2798 1363 2840 fortuna
1405 2801 1559 2840 secuta
1603 2801 1680 2842 est.
1835 2801 1907 2848 10)
1953 2799 2064 2853 Roy.
2099 2800 2150 2840 de

292 2857 511 2909 Hei-eden,
554 2858 632 2900 SS.
666 2857 874 2909 XXVII,
910 2871 959 2910 p.
996 2859 1094 2910 157,
1139 2858 1167 2900 l.
1201 2859 1411 2901 38—40.
1569 2858 1641 2911 11)
1691 2857 1756 2910 Cf.
1801 2858 1941 2911 Siyeb.
1977 2858 2147 2901 Contin.

294 2917 537 2968 Aquicinct.
572 2929 612 2958 a.
639 2918 765 2967 1192,
798 2915 877 2959 SS.
911 2915 986 2968 VI,
1011 2929 1060 2969 p.
1082 2917 1184 2968 429,
1217 2917 1244 2959 l.
1271 2918 1325 2960 13
1348 2929 1466 2969 sqqs
1510 2913 1794 2972 (Celestinus)
1828 2915 2061 2970 mandans,
2100 2920 2149 2958 ut
2181 2926 2224 2957 40

295 2973 630 3027 imperatricem
663 2973 717 3015 de
751 2973 952 3016 custodia
985 2973 1179 3015 educens
1208 2973 1473 3028 imperatori
1511 2975 1789 3027 remitteret3
1835 2975 1870 3016 31
1912 2988 2019 3017 vero
2062 2975 2149 3017 hoc

296 3031 445 3074 facere
476 3032 632 3085 nollet,
671 3032 956 3074 anathemate
992 3035 1211 3087 perpetuo
1245 3047 1290 3074 se
1323 3032 1576 3075 feriendum
1609 3048 1711 3076 cum
1743 3036 1872 3088 parte
1902 3033 2147 3090 provincie,

295 3104 384 3144 que
416 3090 481 3132 illi
513 3090 708 3145 favebat,
741 3104 823 3145 pro
856 3094 978 3133 certo
1012 3091 1159 3144 sciret,
1191 3093 1245 3145 cf.
1280 3092 1305 3135 l.
1330 3095 1409 3146 353
1445 3092 1578 3134 Gesta
1608 3093 1769 3134 Heinr.
1802 3092 1876 3136 VI.
1909 3107 1946 3136 v.
1972 3095 2025 3136 17
2043 3106 2147 3147 sqq.,

296 3149 374 3193 SS.
397 3149 562 3202 XXII,
587 3164 635 3203 p.
659 3152 771 3202 3363
803 3151 857 3203 cf.
890 3150 1016 3191 Petri
1045 3151 1095 3191 cle
1116 3150 1258 3192 Ebulo
1280 3151 1411 3192 Liber
1434 3152 1493 3192 ad
1514 3152 1612 3195 hon.
1637 3154 1821 3204 augusti
1849 3166 1886 3194 v.
1912 3153 2025 3195 1009
2041 3164 2147 3205 sqq.,

296 3209 358 3251 ed.
401 3209 452 3252 G.
487 3209 538 3252 B.
573 3209 811 3262 Sirayusa,
844 3209 989 3250 Roma
1022 3211 1135 3253 1906
1168 3209 1344 3262 (Tanti
1370 3224 1456 3263 per
1487 3211 1533 3251 la
1564 3214 1708 3252 storia
1737 3210 1997 3265 d’Italia’);
2027 3211 2146 3254 Arm.
2180 3219 2222 3249 45

298 3267 469 3310 Ceccan.
505 3269 632 3320 1193,
665 3267 743 3311 SS.
766 3267 900 3320 XIX,
927 3282 977 3321 p,
1001 3270 1099 3312 292.
1233 3270 1305 3322 12)
1344 3269 1468 3320 Quod
1497 3271 1617 3310 circa
1649 3283 1703 3313 m.
1736 3269 1921 3310 Iunium
1953 3282 1992 3311 α.
2019 3270 2146 3312 1192.

297 3327 464 3377 factum
495 3340 581 3368 esse
611 3327 809 3381 varietur,-
849 3328 906 3379 εἴ.
938 3327 1057 3370 Anu.
1091 3327 1278 3380 Cassia,
1321 3327 1400 3371 SS.
1423 3327 1558 3380 XIX,
1582 3341 1632 3381 p.
1654 3328 1764 3382 3163
1806 3327 1846 3371 Ι.
1882 3326 2011 3380 Caro,
2051 3327 2149 3368 ‘Die
