2377 3802
588 100 860 145 OTTONIS
892 101 973 144 DE
1006 101 1052 147 S.
1085 101 1315 159 BLASIO
1350 102 1690 147 CHRONICA.
2013 106 2070 147 45

215 253 432 317 Quibus
473 253 735 306 omnibus
776 254 1117 320 imperatora
1153 254 1439 320 sequentis
1478 249 1645 305 annib
1706 253 1894 305 Μειὶο1
1935 257 2069 305 tem-

210 344 314 394 pus
355 326 727 395 profectionis
757 327 1074 387 constituit,
1118 327 1548 394 pauperioribus
1577 329 1646 378 ad
1679 328 1862 378 minus
1895 328 2067 378 trium

211 417 527 452 marcarum
570 417 890 468 expensam,
934 400 1239 451 dicioribus
1281 417 1380 467 pro
1423 417 1583 466 posse
1623 401 1910 467 expensis⁰
1955 418 2069 468 pre-

209 474 397 541 parari
448 473 706 525 indicens
726 476 759 524 ⁸2.
850 473 1166 539 Egentibns
1218 476 1408 523 autem
1462 474 1650 539 pondo
1701 474 1871 522 trium
1933 491 2069 523 mar-

158 568 178 600 5
212 564 403 598 carum
457 547 559 598 sub
601 549 965 599 anathemate
1007 546 1414 613 profectionem
1462 546 1603 596 fecit
1643 546 1926 604 interdici,
1980 564 2070 597 no-

210 620 332 672 lens
355 621 664 673 exercitum
690 621 860 687 vulgo
890 619 1076 669 minus
1103 619 1323 686 ydoneo
1340 614 1361 643 ‘¹
1389 619 1712 684 pregravari
1732 618 1765 668 3.
1902 619 2061 669 Hiise

208 694 265 744 in
317 695 572 746 Romano
632 694 871 762 imperio
922 692 1200 759 patrat-‚53⁴
1259 691 1602 758 apostolicus
1655 709 1687 741 a
1739 691 1916 742 latere
1969 709 2069 742 suo
2168 751 2203 763 ..

211 768 527 819 cardinales
568 769 687 835 regi
730 768 1078 818 Francorum
1119 763 1460 815 Ludewico5
1499 781 1721 815 necnon
1750 748 2273 841 Richardossfflffifcssl).

209 842 329 908 regi
382 841 697 908 Anglorum
751 839 1001 904 dirigens
1055 832 1162 887 adf
1208 838 1356 889 idem
1410 854 1550 905 opus
1601 855 1765 889 cruce
1806 839 2072 906 imposita

138 936 178 966 ιο
211 915 474 966 accendit
515 913 837 979 multosque
879 912 947 962 de
988 911 1375 978 predictorum
1417 928 1722 979 regnorum
1765 912 1972 963 finibus
2013 913 2068 962 in

211 989 446 1040 eandem
490 986 761 1037 miliciam
803 985 1165 1037 coadunavit.
1357 985 1482 1036 Hac
1530 988 1871 1053 tempestate
1915 984 2070 1037 Colo-

210 1062 471 1112 niensesg
515 1060 774 1110 maximis
826 1059 1031 1110 studiis
1085 1061 1143 1109 et
1194 1059 1516 1126 sumptibus
1569 1060 1860 1111 civitatem
1912 1076 2069 1110 suam

209 1134 530 1185 munientes
583 1150 706 1185 eam
760 1150 921 1183 muro
978 1126 1312 1183 cinxerunth
1375 1133 1709 1184 firmissimo.
1806 1131 1928 1196 Que
1984 1151 2071 1184 res

207 1207 539 1275 imperatori
598 1210 860 1274 suspecta
921 1205 1242 1273 displicuit,
1310 1206 1501 1273 eisque
1561 1207 1842 1258 excidium
1902 1207 2071 1258 inter-

136 1301 177 1332 15
208 1281 431 1331 minans
460 1281 812 1332 municiones
855 1280 1128 1347 dissipare
1169 1283 1339 1347 rupto
1381 1297 1480 1347 per
1521 1280 1696 1330 ΙΙΙΙΟΥ
1721 1280 1846 1332 loca
1876 1298 2034 1333 muro
2056 1280 2247 1334 Uitam).

209 1371 302 1406 eos
353 1349 681 1406 minaciteri
746 1354 949 1420 coegit.
1151 1353 1312 1404 Hiise
1369 1353 1569 1404 diebus
1615 1355 1811 1404 nuncii
1851 1354 2072 1405 soldani

206 1428 356 1495 regis
415 1428 730 1479 Iconiensis
790 1428 863 1478 ad
926 1428 1328 1495 imperatorem
1397 1430 1712 1478 venerunt&
1775 1428 2068 1494 fedusque,
2088 1451 2291 1489 (Deam).

208 1502 464 1568 quamvis
504 1502 564 1552 in
606 1501 753 1564 dolo,
794 1504 1135 1552 renovantes
1177 1503 1554 1552 commeatum
1593 1519 1692 1568 per
1719 1503 1901 1552 totam
1944 1501 2071 1552 Cili-

210 1576 352 1626 ciam
397 1577 715 1642 cunctoque
758 1575 1048 1638 exercitui,
1093 1575 1139 1624 si
1178 1575 1447 1642 pacificus
1487 1576 1709 1626 veniret
1726 1575 1760 1633 ⁰,
1804 1592 1870 1626 ex
1911 1578 2071 1642 parte

135 1670 177 1701 20
210 1649 423 1700 domini
465 1649 553 1699 sui
593 1647 1003 1700 obtulerunt10.
1083 1648 1190 1699 Per
1231 1648 1489 1699 Ciliciam
1532 1650 1677 1700 enim
1727 1650 2070 1715 imperatora

209 1726 418 1773 terram
472 1722 710 1784 soldani,
765 1723 925 1773 cuius
969 1724 1141 1789 caput
1180 1722 1461 1773 Yconium
1505 1725 1605 1784 est,
1649 1739 1775 1773 oum
1819 1723 2072 1774 exercitu

209 1796 556 1847 transiturus
598 1799 736 1857 erat,
778 1797 1018 1863 ideoque
1061 1797 1269 1863 pagani
1307 1799 1457 1847 terre
1496 1813 1593 1847 sue
1634 1799 1954 1847 metuentes
1995 1796 2071 1847 fe-

387 1927 422 1962 a)
445 1922 542 1963 Ipat’
565 1927 596 1955 1.
697 1925 732 1962 b)
759 1934 854 1955 anno
881 1925 1037 1955 radendo
1061 1933 1154 1955 corr.
1182 1925 1270 1955 anni
1295 1926 1327 1955 1.
1429 1926 1460 1965 c)
1487 1934 1669 1964 expensas
1687 1926 1860 1963 proponit
1886 1925 2068 1956 Bresslau.

209 1967 246 2008 d)
271 1966 458 2008 ydoneum
486 1970 517 1998 2.
606 1970 640 2007 e)
664 1970 730 2000 His
757 1970 787 2000 2.
874 1969 901 2009 f)
927 1977 969 1999 ac
995 1970 1026 1999 2.
1119 1970 1155 2007 g)
1180 1968 1410 2000 Coloniensis
1430 1979 1521 2000 corr.
1540 1970 1610 2000 alio
1629 1973 1758 2000 atram.
1779 1969 2020 2000 Colonienses
2038 1971 2070 1999 1.

136 2014 178 2045 25
208 2012 246 2053 h)
272 2013 480 2044 firmissimo
503 2014 698 2043 cinxerunt
717 2014 749 2043 2.
843 2012 868 2053 i)
894 2022 944 2043 m-
970 2014 1044 2043 aZia
1068 2022 1174 2043 ηιαητι
1201 2022 1217 2043 e
1240 2023 1331 2045 corr.
1361 2016 1391 2045 1.

389 2115 430 2172 1)
475 2116 552 2156 Ita
593 2119 720 2156 etiam
763 2116 953 2156 Arnold.
997 2116 1108 2159 Lab.
1154 2116 1241 2169 IV,
1277 2118 1327 2168 73
1371 2118 1484 2157 diem
1517 2117 1553 2160 b.
1589 2117 1773 2170 Georgii
1801 2117 1969 2169 (ΑΡνὶἶ.
1994 2119 2070 2163 21)»)

208 2174 367 2216 habent
398 2176 517 2218 Ann.
550 2174 751 2227 Maydeb.
786 2175 864 2218 SS.
889 2175 1024 2228 XVI,
1051 2189 1099 2228 Ρ.
1127 2177 1233 2226 195;
1279 2176 1408 2219 Cron.
1455 2176 1499 2220 S.
1531 2176 1657 2217 Petri
1697 2176 1886 2228 Erford.
1929 2176 2072 2222 mod.,·

209 2234 326 2278 Htst.
364 2235 605 2287 peregrim,
654 2233 876 2286 Canisius,
922 2235 1146 2287 Antiquae
1187 2235 1381 2275 lectionis
1423 2241 1452 2278 t.
1494 2236 1541 2287 V,
1574 2238 1614 2286 2,
1641 2249 1687 2289 p.
1723 2236 1781 2279 54
1819 2233 2071 2286 (Cani-sius-

209 2293 429 2346 Basnaqe,
482 2293 605 2336 Thes.
651 2297 911 2335 monument.
951 2293 1042 2345 III,
1088 2295 1214 2344 1725,
1241 2307 1290 2346 Ρ.
1314 2296 1452 2345 504);
1494 2295 1550 2345 cf.
1587 2294 1719 2334 Gesta
1750 2293 1892 2336 Henr.
1923 2293 1989 2335 ΙΙ.
2035 2297 2071 2332 et

137 2368 177 2399 30
208 2352 304 2393 Ric.
326 2352 381 2403 L,
416 2352 492 2394 SS.
517 2352 729 2403 XXVII,
755 2366 804 2405 Ρ.
830 2354 927 2403 110,
961 2353 985 2395 Z.
1014 2354 1094 2403 253
1131 2351 1293 2396 Chron.
1326 2355 1451 2405 reyz‘a
1485 2353 1632 2396 Colon.
1666 2367 1706 2395 a.
1734 2354 1861 2403 1189,
1888 2365 1936 2404 Ρ.
1963 2354 2069 2404 1443

209 2413 326 2454 Ann.
359 2410 482 2454 Plac.
519 2411 632 2463 Gib„
675 2410 753 2453 SS.
785 2411 976 2463 XVIII,
1006 2426 1050 2465 Ρ.
1074 2412 1174 2463 466,
1207 2412 1235 2452 Z.
1262 2414 1313 2455 11
1359 2413 1434 2465 (cf.
1483 2412 1614 2452 Gesta
1657 2411 1759 2454 Fed.
1793 2411 1830 2454 Ι.
1878 2413 1980 2463 imp.
2024 2413 2068 2450 in

208 2470 357 2523 exped.
391 2483 538 2522 sacra,
572 2471 634 2513 ed.
668 2469 1046 2522 Holcler-Eyqer,
1079 2469 1156 2514 SS.
1190 2484 1229 2513 r.
1266 2471 1426 2522 Germ,
1453 2485 1502 2524 Ρ.
1526 2473 1617 2523 78).
1770 2469 1813 2524 2)
1850 2470 1918 2520 Cf.
1953 2470 2070 2512 Ann.

208 2528 410 2572 Mar-bac.
446 2543 483 2582 q.
517 2530 558 2572 d.
595 2542 634 2572 a.
662 2531 790 2581 1188,
823 2529 885 2572 ed.
917 2529 977 2572 H.
1002 2529 1152 2582 Bloch,
1181 2543 1228 2582 Ρ.
1254 2531 1334 2581 6ος
1366 2531 1485 2570 Hisc.
1513 2533 1735 2582 pereyrin.
1764 2543 1810 2582 Ρ.
1835 2531 1893 2572 5-1
1924 2530 2073 2580 (504),-

209 2587 393 2631 Rz'card.
439 2588 579 2631 Lond.
623 2588 728 2630 ltin.
766 2601 942 2641 pereyr.
987 2588 1025 2639 I,
1075 2584 1154 2639 19,
1185 2588 1264 2632 SS.
1298 2589 1508 2641 XXVII,
1547 2603 1594 2642 Ρ.
1625 2590 1724 2632 200.
1906 2590 1951 2640 3)
2002 2587 2069 2637 Cf.

137 2661 179 2692 35
209 2645 325 2689 Hz‘st.
350 2660 526 2699 pereqr.
553 2660 601 2700 Ρ.
627 2649 684 2690 54
716 2648 863 2699 (504).
984 2647 1029 2702 4)
1062 2647 1206 2688 Immo
1229 2651 1385 2701 antea5
1416 2661 1523 2688 nam
1557 2661 1597 2690 a.
1624 2648 1751 2691 1188.
1783 2647 1977 2689 Ianuar.
2002 2648 2070 2689 21.

209 2706 326 2745 inter
370 2705 619 2746 Gisortium
664 2709 700 2745 et
740 2705 908 2758 Tryam
953 2711 1162 2747 conventu
1204 2707 1354 2747 habito
1386 2706 1598 2748 Heinrico
1641 2706 1882 2747 Albanensi
1923 2706 2072 2745 cardi-

209 2764 309 2803 nali
338 2764 479 2816 Zeyato
502 2769 734 2817 praesente
763 2778 886 2817 reyes
919 2765 1140 2807 Franciae
1172 2770 1209 2806 et
1239 2766 1433 2818 Angliae
1462 2766 1599 2806 simul
1627 2777 1773 2806 cruces
1806 2768 2069 2817 acceperant.

211 2820 255 2876 5)
289 2822 430 2863 Immo
450 2822 659 2876 Philippo
680 2823 744 2866 ΙΙ.
778 2825 991 2876 Αιιςμιεΐο.
1145 2825 1188 2877 6)
1226 2823 1370 2865 Immo
1400 2825 1614 2866 Heinrico
1633 2825 1716 2876 IL,
1749 2825 1828 2877 qui
1868 2837 1907 2866 α.
1945 2825 2069 2866 1189.

210 2880 298 2924 Iul.
322 2882 361 2923 6.
396 2881 516 2933 obiit,
547 2881 827 2923 Richardam
849 2884 995 2935 filium
1018 2883 1216 2924 heredem
1249 2889 1286 2924 et
1316 2887 1445 2937 reyni
1473 2888 1512 2924 et
1532 2885 1622 2924 voti
1640 2885 1785 2924 crucis
1805 2883 2071 2935 relinquens,

137 2955 180 2985 40
213 2938 256 2994 7)
301 2939 443 2979 Immo
474 2940 646 2990 fossato
678 2946 870 2993 quatuor
906 2941 1009 2982 locis
1039 2943 1285 2995 reimpleto,
1319 2956 1411 2983 nna
1436 2948 1681 2995 portarum
1712 2943 1934 2982 destructa
1965 2941 2072 2980 dno-

212 2998 372 3050 busque
413 2999 593 3039 milibus
631 3012 888 3040 marcarum
931 3001 1128 3042 ducentis
1167 3005 1205 3042 et
1244 3005 1481 3054 sexaqinta
1523 3002 1655 3053 datis,
1698 3002 1814 3054 quod
1855 3003 1903 3040 in
1944 3003 2071 3039 curia

210 3056 479 3108 Moquntina
526 3064 690 3111 (supra
727 3070 773 3110 Ρ.
811 3060 888 3111 44,
937 3059 965 3102 l.
1001 3061 1056 3102 14
1076 3062 1161 3112 sq)
1207 3062 1376 3111 factum
1416 3065 1496 3113 est,
1547 3060 1710 3102 Chron.
1753 3061 1879 3111 regia
1926 3057 2069 3099 Colon.

207 3129 253 3169 Ρ.
280 3117 376 3159 139.
499 3115 544 3170 8)
589 3116 725 3169 Apud
754 3117 1007 3169 Nic'rnberq,
1051 3119 1170 3160 Ann.
1204 3119 1362 3170 Peyav.
1396 3121 1589 3169 a.1189‚
1622 3117 1700 3161 SS.
1724 3118 1860 3169 XVI,
1887 3131 1933 3170 Ρ.
1959 3118 2070 3165 206ς

211 3173 416 3215 Ansbert.
445 3174 563 3216 Hist.
588 3175 637 3214 de
660 3175 806 3227 emped.
829 3175 956 3219 Frz‘d.
980 3177 1099 3228 imp„
1133 3177 1296 3217 Fontes
1316 3190 1469 3217 rerum
1492 3178 1716 3217 Aastriac.
1749 3176 1828 3219 SS.
1862 3176 1910 3227 V,
1930 3189 1976 3229 Ρ.
2004 3177 2069 3217 13.

137 3248 180 3279 45
213 3231 257 3287 9)
293 3233 359 3286 Cf.
395 3232 500 3275 Gen.
532 3235 605 3285 42,
630 3236 708 3277 11:
736 3231 915 3284 pacifici
946 3233 1163 3277 venimus
1293 3237 1365 3287 10)
1401 3236 1532 3286 Quem
1564 3236 1807 3287 imperator
1833 3247 1916 3286 per
1947 3233 2072 3273 Gote-

212 3292 385 3344 fridum
406 3292 458 3332 de
484 3291 542 3331 W
538 3292 763 3333 iesenbach
785 3293 968 3333 militem
999 3292 1049 3332 de
1076 3293 1159 3332 hac
1185 3306 1234 3333 re
1254 3295 1531 3345 requisierat,
1565 3293 1728 3336 Chron.
1761 3294 1888 3343 reyia
1922 3290 2070 3331 Colon.

213 3363 255 3462 ἕ.
292 3351 426 3402 1188,
462 3364 512 3403 Ρ.
547 3353 655 3401 1413
698 3352 752 3404 cf.
796 3350 850 3394 ib.
896 3364 937 3394 a.
979 3352 1112 3403 1189,
1153 3364 1201 3403 Ρ.
1238 3353 1342 3404 142;
1385 3351 1502 3394 Hist.
1540 3364 1716 3404 pereyr.
1758 3364 1804 3403 Ρ.
1829 3352 1899 3393 54.
1935 3353 1991 3394 55
2007 3363 2069 3403 sq.

225 3422 272 3462 Ρ.
295 3411 395 3453 504.
418 3410 536 3463 505).
