2377 3802
581 109 851 154 OTTONIS
883 110 963 153 DE
996 111 1041 156 S.
1075 111 1304 155 BLASIO
1339 111 1678 156 CHRONICA.
2008 116 2063 157 33

207 263 320 313 iam
372 263 444 312 ad
494 262 735 313 invicem
788 264 1289 330 propinquassent,
1343 264 1570 315 Italici⁸
1623 264 2210 316 Teutonicorun11175.

208 337 528 386 metuentes
568 336 865 387 audaciam
886 337 902 365 1
943 337 1126 387 missis
1159 337 1229 387 ad
1259 338 1538 404 principes
1566 338 1788 388 nunciis
1817 354 2062 389 cesarem

209 409 278 460 de
329 425 466 476 pace
517 408 824 475 rogabant,
886 425 943 460 se
995 427 1206 476 suaque
1259 411 1448 461 omnia
1508 410 1797 462 dedentes.
1893 410 2063 461 Cesar

207 483 386 550 igitur
443 478 604 549 pacib
664 483 900 534 studens
959 499 1053 534 eos
1111 484 1169 533 in
1229 484 1471 549 gratiam
1531 483 1778 549 recipere
1838 484 2059 534 statuit.

154 575 175 605 5
209 556 327 623 Ipsi
366 556 543 622 igitur
583 572 641 607 se
681 572 893 622 suaque
935 556 1123 607 omnia
1170 557 1229 606 in
1272 572 1471 605 manus
1513 556 1717 606 cesaris
1758 555 2062 607 offerentes

207 626 383 691 <se⁰>
412 629 711 680 dediticios
739 646 932 679 rursus
962 628 1290 679 ostendunt.
1357 628 1719 695 Principibus
1752 628 1929 694 igitur
1962 645 2061 695 pro

207 703 286 754 eis
327 702 782 770 supplicantibus
822 701 1285 767 subiectioneque
1327 701 1652 752 omnimoda
1692 702 2060 752 sacramentis

207 777 431 827 firmata
457 777 516 826 in
545 776 787 842 gratiam
828 774 1185 842 imperatoris
1213 774 1569 841 recipiuntur
1587 774 1620 823 2².
1688 773 1860 826 Cesar
1886 775 2064 841 igitur
2079 795 2217 833 (April.
2237 795 2310 834 16).

207 867 330 901 cum
376 850 627 901 exercitu
666 848 902 915 Papiam
943 863 1000 898 se
1040 847 1271 914 recepit,
1326 847 1584 898 Italicis³
1637 848 1708 898 ad
1761 844 1898 898 suad
1939 848 2063 899 loca

133 943 174 972 ιο
205 923 607 975 remeantibus.
685 920 877 987 Rege3
915 937 1047 972 vero
1089 917 1358 972 Boemie*
1399 938 1525 972 cum
1558 921 1673 972 suis
1712 922 2062 988 repatriante

205 998 547 1064 imperatore
589 1012 717 1046 cum
759 993 1096 1045 consiliariis
1137 994 1252 1045 suis
1294 995 1444 1062 cepit
1470 997 1736 1055 tractare,
1779 995 2061 1061 quomodo

207 1071 482 1130 civitateS,
537 1084 675 1134 quas
727 1068 787 1118 in
827 1067 1072 1134 gratiam
1111 1072 1420 1135 receperat,
1464 1068 1806 1136 disponeret,
1860 1073 1926 1119 ut
1967 1070 2061 1118 im-

204 1142 441 1210 perialia
481 1142 711 1193 decreta
743 1144 1159 1203 conservarent,
1203 1138 1604 1209 diffinitoquef
1647 1142 1882 1193 consilio
1923 1160 2060 1192 nun-

205 1216 319 1267 cios
360 1232 490 1267 suos
531 1215 604 1266 ad
644 1215 749 1266 hec
777 1216 1162 1282 promovenda
1203 1215 1427 1267 direxit.
1606 1215 2061 1267 Mediolanenses
2081 1220 2208 1263 1176.

132 1307 171 1339 15
202 1290 396 1356 itaque
447 1289 706 1340 videntes
758 1289 1070 1340 exercitum
1121 1289 1325 1340 cesaris
1379 1289 1678 1341 defluxisse
1733 1306 1924 1340 rursus
1983 1306 2061 1341 re-

204 1363 417 1415 bellare
457 1366 794 1430 presumunt
809 1362 845 1412 4.
925 1362 1227 1430 Inperator
1254 1363 1432 1429 igitur
1460 1365 1800 1430 angustatus
1841 1362 2061 1430 legatos

202 1438 261 1487 in
303 1435 666 1488 Germaniam
720 1453 821 1503 pro
869 1435 1265 1504 supplemento
1307 1436 1586 1487 exercitus
1628 1437 1835 1487 direxit
1875 1436 2062 1487 simul-

203 1527 310 1577 que
362 1510 434 1561 ad
477 1509 812 1562 Heinricum
865 1509 1136 1560 avunculi
1186 1510 1273 1560 sui
1325 1510 1522 1572 filium,
1575 1511 1775 1561 ducem
1819 1510 2061 1561 Saxonie

204 1587 261 1635 et
302 1584 573 1645 Bawarie,
615 1586 681 1634 ut
722 1582 1009 1635 Clavenne
1047 1584 1118 1634 ad
1148 1583 1492 1650 colloquium
1537 1584 1645 1634 sibi
1685 1587 2059 1643 occurreretg,

130 1676 172 1706 ρο
203 1658 567 1724 venientique
620 1657 843 1708 obviam
892 1657 1204 1725 procedens
1222 1657 1255 1718 ⁵,
1313 1660 1379 1708 ut
1429 1657 1781 1725 periclitanti
1826 1658 2062 1725 imperio

16 1751 74 1789 *μ
94 1751 170 1782 316.
206 1731 574 1792 *subveniret,
616 1730 744 1797 plus
778 1748 944 1797 quam
986 1730 1340 1798 imperialem
1383 1732 1610 1782 deceret
1652 1731 2008 1782 maiestatem
2027 1730 2060 1785 ⁶.

204 1805 499 1856 humiliter
539 1802 969 1871 efflagitavit**.
1049 1804 1180 1854 Dux
1219 1805 1412 1871 itaque
1454 1801 1813 1866 Heinricush‚
1862 1807 2062 1872 utpote

391 1962 431 2018 *)
468 1965 490 2006 1
538 1963 639 2005 add.
683 1966 731 2002 in
778 1975 920 2014 mat-y.
968 1975 1106 2002 mana
1153 1975 1265 2015 quae
1310 1963 1483 2003 videtur
1528 1962 1753 2004 Liutoldt:
1809 1956 1885 2001 De
1945 1971 2062 2017 rege

469 2021 717 2091 Boem(ie)
761 2030 926 2075 multa
965 2044 1057 2089 per
1097 2031 1528 2090 anticipationem
1569 2031 1706 2076 dicta
1748 2033 1888 2087 sunt,
1939 2030 2059 2090 quia

129 2116 171 2147 25
468 2104 707 2148 nondum
745 2103 849 2149 fuit
888 2118 992 2159 rex,
1035 2103 1127 2149 sed
1168 2104 1290 2150 dux.

361 2182 434 2239 **)
470 2186 492 2227 1
529 2182 632 2226 add.
665 2184 713 2224 in
745 2196 887 2236 marg.
921 2196 1061 2223 manu
1092 2197 1202 2237 quae
1222 2184 1396 2224 videtur
1417 2183 1642 2225 Lintoldi:
1675 2178 1894 2233 Dicitur,
1925 2178 2064 2238 quod

468 2265 523 2296 se
562 2251 783 2311 pedibus
825 2251 934 2296 eius
976 2245 1341 2311 provolverit7.

378 2404 414 2444 a)
437 2408 490 2444 yt.
518 2405 549 2436 2.
657 2404 693 2444 b)
719 2413 810 2443 pace
834 2413 927 2435 corr.
953 2404 1035 2442 paci
1061 2406 1092 2434 1.
1197 2405 1229 2442 c)
1262 2413 1300 2435 se
1335 2413 1402 2434 om.
1429 2405 1461 2435 1.
1481 2404 1519 2442 2;
1561 2406 1608 2442 cf.
1644 2404 1745 2441 infra
1776 2413 1815 2443 p.
1845 2404 1898 2442 39,
1933 2404 1957 2434 I.
1977 2405 2062 2443 osq.

202 2447 240 2488 d)
264 2449 344 2479 loca
368 2457 435 2479 sua
459 2449 491 2478 2.
585 2449 618 2489 e)
642 2450 728 2487 ipat*
751 2449 782 2480 1.
887 2449 915 2485 f)
940 2446 1166 2487 definitoque
1201 2448 1326 2482 L'rstis.
1421 2450 1456 2486 g)
1473 2439 1654 2480 occ‘i-eret’
1678 2449 1710 2479 2.
1821 2448 1857 2488 h)
1884 2449 1999 2479 Henr.
2030 2450 2062 2480 2.

128 2594 172 2625 30
382 2580 425 2636 1)
450 2582 517 2634 Cf.
540 2595 682 2634 supra
706 2595 738 2625 c.
761 2583 828 2632 14,
844 2595 893 2634 p.
915 2583 982 2633 17,
1007 2582 1034 2624 l.
1053 2582 1103 2634 43
1126 2594 1158 2624 c.
1177 2583 1247 2633 20,
1264 2595 1313 2634 p.
1332 2582 1402 2631 24,
1429 2581 1455 2623 Z.
1475 2583 1514 2624 2.
1622 2580 1667 2635 2)
1692 2581 1831 2634 Apud
1850 2580 2063 2621 Montem-

204 2640 360 2680 bellum
373 2654 387 2688 ,·
419 2643 473 2693 cf.
497 2641 602 2683 ΜΘ.
626 2640 720 2681 LL.
745 2640 924 2682 Constit.
943 2640 981 2692 I,
1004 2654 1050 2693 p.
1074 2642 1160 2684 339
1178 2653 1268 2693 sqq.
1390 2640 1433 2694 3)
1469 2640 1610 2680 Immo
1640 2639 1851 2680 Uclalrico
1873 2639 1975 2680 duce
1997 2640 2066 2692 (cle

205 2698 400 2751 Briinn),
419 2700 566 2752 fratre
583 2699 796 2740 Sobieslai
810 2699 877 2740 ΙΙ.
901 2700 1024 2739 ducis
1045 2699 1261 2742 Boemiae.
1362 2699 1406 2743 4)
1434 2700 1484 2741 Α.
1512 2700 1638 2742 1176.
1662 2699 1763 2741 Ian.
1788 2700 1857 2741 31.
1881 2698 2063 2739 Placen-

204 2761 292 2797 tiae
322 2762 509 2799 rectores
539 2758 798 2810 Mediolani,
831 2759 1033 2809 Brixiae,
1066 2758 1331 2810 Placentiae,
1365 2758 1574 2809 Veronae,
1605 2757 1800 2808 Paduae,
1833 2757 2064 2805 Mantuae,

204 2815 412 2867 Parmae,
445 2817 662 2869 Mutinae,
697 2817 924 2858 Bononiae
951 2817 1109 2867 foedus
1139 2821 1389 2858 iuramento
1410 2821 1729 2858 renovaverunt
1740 2836 1753 2870 ,-
1788 2815 1831 2859 C.
1867 2816 2064 2868 Viynati,

129 2886 174 2917 35
207 2875 371 2915 ‘Storia
417 2876 703 2928 diplomatica
742 2876 859 2916 della
899 2876 995 2928 Zeya
1046 2875 1342 2928 Lombarda’,
1385 2876 1563 2916 Milano
1607 2877 1745 2928 1866,
1781 2889 1831 2928 p,
1864 2876 1951 2918 276
1973 2887 2064 2928 sqq.

208 2933 251 2988 5)
298 2933 365 2974 De
407 2933 486 2974 hoc
537 2934 768 2987 colloquio,
822 2935 939 2988 quod
992 2948 1033 2978 a.
1070 2937 1198 2979 1176.
1248 2935 1494 2976 clavennae
1536 2935 1701 2987 factum
1749 2947 1835 2975 esse
1880 2934 2065 2984 videtur,

199 2997 453 3045 postremus
493 2997 689 3034 auctores
719 2993 885 3045 colleyit
915 2998 953 3034 et
983 2998 1199 3034 recens-uit
1229 2994 1268 3037 I.
1301 2993 1475 3043 Haller,
1521 2994 1626 3034 ‘Der
1657 2993 1795 3034 Stura
1825 2992 2068 3033 Helm-ielis

206 3052 279 3092 des
309 3050 505 3102 L6wen’,
538 3054 588 3091 in
618 3051 799 3091 ‘Archiv
829 3053 910 3104 fiir
950 3052 1462 3104 Urkundenforschuny’
1494 3052 1579 3092 III
1612 3053 1774 3105 (1911),
1800 3065 1848 3104 p.
1871 3053 1957 3095 303
1973 3064 2064 3104 sqq.

207 3111 252 3162 6)
287 3110 353 3162 Cf.
387 3109 558 3152 Lucan.
591 3109 753 3152 Phara
786 3109 891 3162 VII,
924 3124 961 3153 v.
985 3113 1072 3154 378
1088 3125 1178 3164 sq.:
1207 3109 1398 3164 Imperii
1429 3110 1553 3152 salva
1581 3110 1616 3151 si
1638 3109 1872 3152 maiestate
1895 3109 2065 3161 liceret,

129 3179 176 3210 40
206 3167 414 3210 volverer
461 3170 565 3209 ante
610 3166 762 3222 pedes,
943 3168 987 3224 7)
1040 3169 1113 3209 Ita
1164 3169 1324 3212 θεῖε-Ζεῦ.
1375 3169 1537 3212 Chron.
1583 3168 1764 3212 Hauon.
1811 3182 1844 3211 c.
1883 3171 1954 3220 54,
2000 3169 2063 3210 ed.

208 3227 261 3270 L.
293 3226 669 3278 Vanderkindere,
703 3226 850 3270 Bruoe.
885 3228 1014 3279 1904,
1038 3241 1088 3280 Ρ.
1112 3229 1191 3280 943
1235 3228 1432 3268 Arnoldi
1461 3227 1572 3269 Lab.
1609 3228 1770 3270 Chr-on.
1803 3227 1869 3277 II,
1904 3229 1926 3269 1
1961 3225 2065 3276 fin.,·

210 3286 372 3329 Chron.
414 3285 580 3326 Montis
622 3284 777 3326 Sereni
819 3298 861 3329 a.
896 3287 1023 3337 1180,
1067 3286 1146 3329 SS.
1179 3286 1368 3336 XXIII,
1401 3299 1450 3338 p.
1483 3288 1580 3336 157,
1614 3286 1642 3328 Z.
1666 3288 1744 3335 313
1789 3286 1908 3327 Ami.
1940 3284 2062 3327 Stad.

208 3358 249 3388 a.
274 3347 402 3398 1177,
449 3344 526 3388 SS.
549 3344 685 3395 XVI,
719 3357 768 3396 p.
791 3345 900 3397 3483
942 3345 998 3396 cf.
1042 3344 1204 3387 Chron.
1256 3344 1482 3396 Urspery„
1526 3344 1603 3384 SS.
1641 3343 1831 3394 XXIII,
1867 3356 1918 3395 p.
1955 3344 2063 3395 357;

208 3403 373 3445 ‘sacha
406 3401 723 3445 Weltchronik’
755 3403 810 3445 A.
845 3402 898 3445 B.
931 3416 963 3444 c.
988 3404 1086 3453 325,
1119 3402 1226 3446 ΜΘ.
1260 3402 1474 3443 Deutsche
1507 3402 1668 3445 Cin-on.
1701 3401 1767 3451 II,
1793 3415 1842 3454 p.
1866 3403 1965 3444 229.

297 3490 383 3523 Otto
409 3489 455 3522 de
480 3490 519 3525 S.
545 3490 684 3522 Blasio.
1773 3490 1800 3532 3
