2351 3802
85 444 128 473 G.
146 443 209 473 Fr.
230 443 285 481 II,

142 487 284 518 39—41.

305 164 333 205 8
689 156 957 200 OTTONIS
988 155 1070 198 DE
1103 155 1148 201 S.
1182 155 1413 199 BLASIO
1446 155 1784 202 OHRONICA.

305 316 555 374 usurpato
595 314 734 374 regio
773 313 986 358 nomine
1037 311 1269 366 tenebat,
1321 313 1560 372 progredi
1600 313 1873 374 disposuit.
1953 314 2055 361 Sed
2094 314 2159 360 ab

303 389 418 433 aliis
485 388 755 432 dissuasus
820 386 917 431 hoc
981 386 1035 430 in
1099 388 1367 445 posterum
1428 385 1672 432 differens
1731 389 1798 433 ad
1858 382 2162 448 Cisalpina-1

303 461 593 507 revertitur.
684 460 745 505 In
796 474 896 520 quo
942 459 1126 504 itinere
1177 459 1394 503 insidias
1445 473 1475 503 a
1526 459 1914 507 Veronensibus
1956 476 2158 522 passm,

302 536 427 595 ipsis
480 549 583 580 non
633 535 847 594 impune
898 533 1025 579 talia
1071 533 1224 578 licere
1264 532 1555 577 necessario
1594 533 1759 579 iratus
1800 535 1873 581 sic
1913 535 2157 581 ostendit.

301 609 465 654 Ponte
522 608 660 653 enim
721 608 831 653 eius
889 607 1038 652 iussu
1094 605 1162 651 ad
1218 606 1671 665 transponendum
1729 609 2013 654 exercitum
2070 623 2162 669 per
2192 625 2213 656 5

301 682 530 727 Attasim
582 681 800 726 fluvium
850 695 880 725 a
919 679 1307 726 Veronensibus
1355 679 1577 724 navibus
1618 682 1902 740 compactis
1943 685 2159 737 structO,

301 755 551 815 quidama
605 749 913 800 Albericus2
963 768 1024 799 ex
1081 754 1196 813 ipsa
1248 753 1459 799 civitate
1518 755 1570 798 et
1628 754 1840 800 aliunde
1897 756 2161 801 latronum

301 843 462 873 manu
489 829 542 872 in
560 819 582 850 b
611 828 908 873 inmensum
939 827 1166 873 conflata
1192 827 1480 886 preparatis
1510 827 1828 887 quibusdam
1852 829 2160 874 natatilibus

299 902 665 948 instrumentis
730 901 785 946 in
849 901 1203 960 superioribus
1261 901 1492 945 fluminis
1557 901 1777 947 insidias
1847 902 2036 957 tendit,
2102 904 2162 947 ut

299 978 446 1035 parte
487 975 742 1020 exercitus
783 974 1002 1019 fluvium
1043 976 1350 1019 transeunte
1390 974 1489 1034 ipsi
1529 974 1759 1020 eisdemC
1794 976 2161 1022 instrumentis
2195 993 2237 1022 10

298 1063 547 1108 compage
602 1048 816 1093 navium
868 1048 1126 1092 dissoluta
1180 1047 1433 1107 reliquam
1484 1051 1687 1107 partem
1738 1050 1993 1095 exercitus
2033 1050 2162 1095 citra

297 1125 657 1167 remanentem
697 1135 874 1181 pugna
912 1121 1240 1166 invaderent.
1320 1120 1421 1166 Sed
1461 1122 1598 1167 sicut
1637 1126 1855 1168 conatus
1896 1137 2075 1168 eorum
2106 1123 2161 1168 in

296 1209 509 1249 vanum,
564 1195 636 1240 sic
687 1197 906 1240 eventus
958 1195 1115 1239 cessit
1164 1194 1219 1238 in
1270 1194 1572 1253 periculum.
1663 1196 1951 1242 Machinati
2001 1198 2160 1252 enim,

297 1273 357 1314 ut-
408 1269 608 1314 dictum
659 1271 755 1323 est,
812 1268 901 1313 ubi
953 1270 1249 1313 statuerant
1299 1268 1671 1327 imperatorem
1728 1270 1991 1324 invadere,
2050 1271 2162 1330 ipse

295 1343 401 1387 iam
442 1342 602 1402 copiis
644 1356 707 1387 ex
746 1344 855 1387 toto
895 1342 1056 1387 fluvio
1097 1342 1434 1401 transpositis
1474 1356 1779 1402 progressus
1826 1343 1999 1389 fuerat
2037 1344 2162 1389 iam·
2196 1359 2236 1390 15

296 1430 395 1476 que
436 1430 555 1461 cum
608 1416 750 1461 omni
790 1415 1017 1461 exercitu
1058 1416 1126 1460 ad
1165 1416 1324 1475 Alpes
1365 1416 1632 1461 tendebat.
1727 1417 1807 1461 Illi
1846 1418 2022 1477 itaque
2061 1430 2162 1479 per

297 1488 495 1535 notum
516 1485 624 1535 sibi
643 1485 1040 1551 compendium
1060 1486 1453 1551 precurrentes
1466 1480 1509 1513 d·
1525 1485 1542 1514 ‘2
1562 1490 1614 1534 in
1637 1492 1877 1550 angustis
1890 1489 1911 1514 θ
1927 1492 2159 1551 Alpium,

295 1560 455 1625 parte
498 1559 778 1609 exercitus
818 1558 930 1608 iam
960 1552 1363 1625 progressof·3‚
1394 1564 1762 1623 imperatorem
1789 1579 1909 1610 cum
1950 1565 2159 1624 reliquis

296 1637 572 1682 offendunt
610 1651 685 1691 ac,
738 1637 840 1682 nisi
888 1637 1106 1696 pecunia
1159 1651 1213 1681 se
1265 1637 1507 1691 redimat,
1560 1638 1701 1682 viam
1742 1638 1837 1683 sibi
1878 1638 2161 1684 intercludi

294 1710 531 1770 belloque
583 1711 827 1770 congredi
881 1710 1166 1755 minantur.
1257 1710 1545 1770 Imperator
1595 1712 1787 1771 itaque,
1841 1716 1901 1758 ut
1956 1726 2160 1772 semper
2192 1728 2234 1758 20

296 1786 347 1829 et
386 1784 577 1844 ubique
618 1784 1014 1843 imperterritus,
1056 1784 1160 1829 tale
1200 1787 1414 1843 pactum
1454 1798 1574 1829 cum
1614 1785 1903 1831 latronibus
1941 1787 2159 1846 impera-

294 1857 498 1903 toremg
541 1858 671 1903 inire
712 1858 1086 1903 dedecorosum
1126 1858 1431 1902 existimans
1473 1862 1525 1903 et
1564 1859 1661 1904 hoc
1700 1863 1998 1918 protestans
2039 1874 2158 1905 cum

295 1920 588 1976 exercitush
633 1934 779 1990 parte
808 1945 906 1991 que
935 1920 1199 1977 substititi
1239 1932 1473 1976 restabat
1500 1946 1560 1977 ac
1589 1947 1643 1977 se
1672 1934 1739 1978 ad
1768 1934 2159 1993 confligendum

294 2005 462 2050 modis
505 2005 749 2050 omnibus
789 2005 1100 2065 preparavit.
1181 2005 1349 2065 Igitur
1399 2004 1524 2051 Otto
1575 2007 1840 2065 palatinus
1883 2003 1952 2053 de
1994 2001 2157 2052 Witi-

295 2068 550 2124 lisbachk
595 2074 797 2136 senior,
839 2076 1002 2140 pater
1031 2068 1347 2124 Ludewici¹
1402 2074 1561 2125 ducis
1579 2074 1614 2136 4,
1657 2076 1754 2141 qui
1794 2077 2156 2143 postmodum
2189 2096 2231 2126 25

295 2147 548 2198 Bawarie
603 2148 716 2197 dux
770 2148 1008 2198 effectus
1061 2149 1146 2198 est
1164 2146 1197 2209 5,
1251 2153 1400 2198 lectis
1461 2153 1524 2198 de
1582 2155 1814 2199 exercitu
1872 2155 2154 2210 strennuiS,

292 2226 427 2271 valle
466 2226 648 2286 girata,
691 2226 932 2271 hostibus
972 2226 1166 2281 insciis,
1210 2227 1356 2286 signo
1397 2229 1608 2282 retecto,
1637 2231 1889 2273 montana
1918 2229 2157 2274 ascendit

291 2300 534 2359 ipsosque
587 2315 617 2345 a
666 2303 811 2359 tergo
869 2300 1017 2360 signo
1071 2300 1192 2345 dato
1234 2314 1354 2345 cum
1394 2300 1618 2346 clamore
1657 2301 1913 2347 invadens
1952 2302 2007 2347 in
2047 2316 2153 2362 pre-

292 2373 533 2432 cipicium
585 2374 851 2433 compulit.
948 2373 1131 2434 Sicque
1184 2374 1425 2419 omnibus
1477 2375 1631 2420 morti
1683 2375 1819 2421 datis
1871 2378 2051 2435 captos
2092 2389 2155 2421 ex

292 2447 364 2491 eis
405 2447 505 2491 XII
545 2448 816 2507 precipuos
858 2447 1159 2507 imperatori
1197 2448 1433 2493 tradidit.
1501 2448 1575 2493 Ex
1604 2449 1791 2509 quibus
1819 2449 1893 2494 XI
1921 2449 2153 2509 patibulo
2187 2463 2229 2493 30

292 2521 577 2580 suspensis,
620 2535 723 2566 uno
765 2521 996 2576 dimisso,
1039 2522 1125 2581 qui
1166 2521 1390 2581 reliquos
1442 2522 1829 2582 illaqueaverat,
1871 2523 2153 2582 imperator

290 2608 381 2653 per
420 2595 610 2639 vallem
649 2595 1012 2640 Tridentinam
1051 2595 1383 2654 triumphans
1423 2596 1644 2654 gloriose
1684 2596 1988 2656 repatriavit
2019 2591 2151 2642 iam-

293 2679 400 2728 que
453 2663 697 2729 Alpibus
750 2663 1094 2714 transmissis
1148 2664 1457 2714 exercitum
1500 2665 1571 2714 ad
1613 2665 1841 2731 propria
1879 2665 2098 2716 remisit
2116 2665 2151 2714 ⁶.

468 2838 501 2873 a)
537 2834 757 2875 quibusdam
782 2845 874 2867 corr.
902 2834 1051 2874 quidam
1077 2837 1108 2865 1.
1225 2835 1261 2874 b)
1293 2836 1332 2866 in
1356 2845 1424 2868 om.
1448 2837 1478 2867 2.
1596 2836 1628 2873 c)
1653 2835 1807 2877 effidem,
1832 2841 1869 2867 ut
1894 2837 2044 2875 videtur,
2076 2838 2152 2868 alia

293 2889 400 2909 mmm
427 2889 519 2914 corr.
545 2878 684 2911 eisdem
709 2882 740 2911 1.
849 2881 884 2919 d)
910 2883 1169 2919 procurrentes
1196 2880 1226 2909 2.
1336 2881 1368 2917 e)
1394 2880 1573 2917 angustiis
1604 2881 1732 2914 Urstis.
1846 2883 1873 2921 f)
1901 2883 1949 2912 ita
1976 2884 2005 2912 1.
2034 2883 2067 2923 2,
2093 2883 2153 2912 sed
2188 2884 2229 2916 35

293 2925 367 2953 (dia
390 2933 498 2953 manu
522 2933 615 2955 corr.
641 2933 835 2963 progressa
860 2926 889 2956 1.
1002 2933 1037 2962 g)
1063 2924 1286 2963 imperat024
1311 2924 1387 2953 alia
1411 2933 1518 2953 manu
1543 2933 1635 2956 corr.
1662 2929 1799 2956 -torem
1824 2926 1855 2959 1.
1959 2926 1996 2966 h)
2023 2936 2054 2957 -s
2081 2927 2155 2957 alia

292 2977 399 2997 manu
422 2969 540 3005 suppl.
567 2969 598 2998 1.
735 2969 761 3008 i)
793 2969 955 2999 restabat
987 2968 1151 2998 substitit
1186 2968 1368 3006 Zeyewizaem
1401 2976 1472 2998 esse
1508 2970 1656 2999 videtur.
1797 2969 1835 3010 k)
1862 2970 2094 3002 VVinlisbach
2118 2970 2150 3001 2.

291 3012 314 3049 l)
343 3010 507 3042 Ludwici
532 3012 565 3042 2.

471 3158 512 3213 1)
547 3157 842 3212 Transalpina
887 3159 937 3202 G.
971 3159 1101 3202 Fricl.
1133 3159 1199 3211 H,
1233 3161 1301 3202 37.
1454 3159 1498 3214 2)
1533 3160 1699 3201 Ser-iem
1730 3174 1905 3212 rerum,
1940 3174 2073 3214 quam
2105 3165 2153 3202 in

295 3217 465 3258 Ottom's
496 3218 618 3261 Fris.
665 3218 724 3261 G.
749 3218 880 3260 Frzd.
913 3219 1089 3269 invenit,
1134 3221 1289 3259 auctor
1318 3219 1527 3261 turbavit.
1678 3221 1722 3273 3)
1767 3220 2020 3272 Imperator
2061 3223 2153 3260 iam
2185 3233 2228 3263 4ο

294 3279 424 3316 antea
457 3277 578 3329 apud
609 3277 841 3317 Anconam
880 3279 1117 3318 exercitum
1157 3278 1437 3328 dissolverat,
1486 3278 1536 3320 G.
1571 3277 1699 3321 Frid.
1733 3278 1799 3331 H,
1833 3280 1910 3328 38,
1943 3291 2034 3319 non
2064 3280 2155 3320 nisi

293 3334 556 3387 quibusdam
594 3339 857 3388 principum
899 3339 938 3377 ei
980 3336 1124 3376 adhuc
1168 3336 1488 3380 adherentibus.
1640 3336 1685 3391 4)
1731 3339 1784 3378 A.
1826 3338 2151 3381 1183—1231.

293 3394 337 3444 ὃ)
379 3395 433 3434 A.
469 3396 606 3448 1180;
654 3395 781 3447 infra
812 3408 844 3437 c,
877 3396 948 3438 24.
1066 3397 1108 3447 6)
1159 3395 1209 3435 V.
1248 3408 1391 3448 supra
1433 3409 1475 3438 n.
1513 3397 1552 3438 3.
1630 3395 1695 3448 Cf.
1733 3396 1784 3438 G.
1818 3395 1945 3438 Frz‘d.
1979 3395 2046 3448 H,
2080 3398 2151 3449 41,

288 3465 333 3503 p,
359 3454 456 3503 150,
489 3453 516 3496 Z.
543 3455 565 3496 1
584 3466 675 3506 sq.:
706 3451 836 3506 Inde,
869 3451 1022 3494 multis
1055 3467 1100 3495 se
1133 3452 1188 3494 ad
1211 3453 1395 3508 propria
1422 3452 1785 3508 dispergentibus
1818 3452 2045 3496 domicilia
2077 3459 2149 3499 etc.
