2377 3802
333 157 417 199 104
644 150 970 193 CHRONIGA
1004 149 1434 195 UNIVERSALIS
1478 152 1865 199 TURIOENSIS.

329 310 519 353 iratum
561 307 673 351 sine
714 320 904 366 pavore
945 307 1030 350 vix
1069 306 1256 366 aliquis
1309 310 1512 366 poterat
1551 308 1757 365 intueri,
1803 315 1999 358 cervice
2033 315 2181 370 obesa,

329 384 522 428 brachiis
564 388 608 426 et
652 383 856 427 cruribus
893 397 1087 439 grossus,
1131 375 1382 426 humeris
1423 376 1659 443 amplus,
1701 388 1852 430 fortis
1885 389 2083 442 artubus,
2115 389 2182 431 in-

330 472 454 501 cessu
494 456 626 500 firmo
672 471 696 500 6
708 460 727 499 t
768 456 898 501 virili.
962 452 1082 497 Fuit
1121 453 1281 498 etiam
1319 458 1366 500 in
1399 459 1498 501 cibo
1531 462 1577 502 et
1607 463 1719 514 potu
1749 463 2027 516 temperans;
2073 474 2184 504 cena

330 516 614 571 quottidiana
646 519 797 570 quatu
812 530 836 558 o
851 531 873 557 1·
903 519 1081 558 tantum
1114 516 1296 559 ferculis
1328 531 1357 558 u
1371 520 1390 559 t
1404 531 1428 560 e
1440 532 1470 559 n
1484 532 1502 559 5
1534 522 1687 573 preter
1719 533 1787 561 ass
1801 534 1848 574 a,
1881 521 2010 574 quib
2024 535 2052 562 u
2066 533 2084 561 5
2118 519 2146 561 d
2160 532 2183 561 e

326 576 606 618 venatione
639 575 850 618 allatis
881 575 1199 630 plurimum
1233 575 1683 631 delectabatur,
1727 592 1860 633 super
1892 593 2049 621 cenam
2080 591 2181 620 raro
2214 590 2234 620 5

327 649 428 703 plus
451 662 583 703 quam
607 651 676 691 ter
707 663 726 690 s
740 662 764 690 o
780 648 897 691 litu
915 662 934 690 s
955 648 1124 703 bibere,
1156 662 1319 703 parum
1340 649 1467 703 panis
1492 649 1651 693 comed
1666 659 1800 693 ensa
1828 647 1896 691 ad
1922 660 2178 701 mensam,

329 707 406 750 sed
439 711 646 761 quartam
678 710 854 762 partem
889 707 1039 750 arietis
1072 713 1150 749 aut
1182 707 1291 749 duas
1324 708 1514 763 gallinas
1537 712 1615 750 aut
1635 723 1838 752 anserem
1861 714 1939 752 aut
1959 710 2182 765 spatulam

329 788 425 822 seu
467 771 755 837 scapulam
795 781 1027 835 porcinam
1072 783 1149 823 aut
1190 781 1392 836 leporem
1424 781 1652 836 integrum
1696 796 2046 826 consumere
2088 797 2182 825 va-

329 855 469 898 lens.
550 844 671 896 Hec
720 847 982 905 actenus;
1037 845 1134 896 sed
1175 862 1325 895 nunc
1367 846 1439 895 ad
1479 846 1775 896 historiam
1815 848 2181 898 revertamur.

87 913 311 994 αξζὲξῆν·
505 927 652 969 Η111115
695 928 862 971 virtute
904 942 1097 983 regnum
1129 927 1410 971 Francorum
1452 929 1700 984 plurimum
1744 932 2085 986 augmentatum
2117 931 2184 972 est
2216 941 2257 971 10

330 1019 2179 1033 ιιιιιιιιιιιιιιιιιιιιιιιιιι

87 1081 307 1111 afr-Um
328 1079 630 1089 .....
647 1080 704 1109 ¹.
771 1081 851 1120 .'.
919 1083 924 1089 .
992 1081 1000 1089 .
1432 1083 1514 1112 ·.·
1581 1079 2033 1091 .......
2094 1079 2181 1113 .··

112 1125 172 1163 VJ,
193 1125 285 1163 5sf„,
475 1138 482 1146 .
548 1138 557 1147 .
620 1102 767 1146 sicutb
808 1102 1023 1158 Saxones,
1058 1119 1133 1158 (1111
1166 1107 1210 1147 et
1240 1119 1326 1159 ipsi
1349 1106 1580 1148 instabiles
1603 1105 1679 1148 sed
1702 1106 1874 1149 feroces
1897 1108 2012 1161 sunt,
2037 1119 2182 1149 orien-

48 1169 308 1207 Regmzoa.868.
325 1162 413 1204 tale
457 1174 631 1215 semper
673 1161 951 1204 infestabant
965 1163 992 1204 1.
1064 1162 1167 1205 Hiis
1208 1164 1490 1218 temporibus
1533 1179 1643 1220 gens
1674 1164 2022 1221 Wulgarorum
2066 1164 2182 1207 fero-

326 1220 501 1262 cissima
545 1234 596 1261 ac
642 1220 877 1274 bellicosa,
929 1220 1098 1263 relictis
1143 1221 1288 1275 ydolis
1340 1222 1697 1278 renuntiatisque
1743 1224 1981 1280 gentilium
2029 1237 2181 1278 super·
2216 1234 2255 1265 15

325 1278 591 1331 stitionibus,
636 1279 681 1320 in
726 1279 955 1321 Christum
999 1293 1055 1321 ex
1092 1283 1221 1334 parte
1264 1281 1462 1324 maxima
1504 1282 1696 1324 credidit
1733 1287 1778 1324 et
1808 1283 1965 1325 abluta
1997 1282 2181 1325 salutari

324 1352 607 1407 baptismatis
639 1352 761 1394 unda
792 1351 838 1394 in
869 1352 1138 1408 religionem
1169 1354 1347 1395 transiit
1380 1353 1693 1399 Christianam.
1747 1352 1861 1396 Hiis
1890 1352 2051 1397 etiam
2081 1351 2180 1396 die-

324 1421 420 1465 bus
462 1425 591 1467 Huni
624 1425 973 1468 Christianitatis
1018 1426 1200 1468 fidem
1244 1428 1642 1473 asseountuffl.
1732 1419 1804 1468 In
1859 1419 1965 1470 hac
2020 1422 2180 1486 parte

322 1489 543 1540 ratione
597 1489 891 1540 cuiusdam
943 1490 1258 1542 addicionis
1309 1491 1549 1557 quedam
1598 1494 1794 1559 repeto
1836 1493 2179 1559 supradicta.

499 1563 702 1628 Reges3
741 1568 1058 1614 Francorum
1111 1573 1220 1614 tam
1272 1570 1528 1629 presentis
1582 1585 1739 1630 quam
1779 1572 2013 1630 preteriti
2053 1574 2178 1616 tem·
2213 1587 2254 1616 20

322 1642 461 1700 poris
502 1655 531 1686 a
571 1642 914 1687 nobilioribus
965 1643 1175 1688 Troiani
1227 1644 1497 1702 sanguinis
1543 1644 1788 1704 leguntur
1829 1645 2177 1693 descendisse.

321 1714 447 1760 Post
485 1719 707 1761 mortem
748 1717 886 1760 enim
927 1716 1079 1761 Iosue
1120 1717 1247 1761 dum
1274 1717 1464 1762 Hebrei
1507 1718 1602 1763 sub
1636 1718 1894 1764 iudicibus
1922 1719 2176 1774 viverent,

321 1788 521 1833 Helena
561 1803 688 1834 uxor
728 1789 952 1835 Menelai
992 1791 1144 1850 regis,
1197 1791 1436 1850 generale
1489 1792 1650 1837 totius
1703 1792 1839 1837 orbis
1888 1793 2087 1837 malum
2127 1795 2178 1838 et

321 1862 666 1920 pernitiosum
707 1863 1014 1908 mortalibus
1055 1864 1367 1924 exemplum,
1418 1865 1483 1910 ab
1524 1866 1821 1911 Alexandro
1863 1880 1955 1911 seu
1993 1866 2178 1911 Paride

321 1935 426 1980 filio
477 1935 669 1981 Priami
722 1937 856 1996 regis
916 1937 1256 1983 Troianorum
1315 1939 1529 1998 rapitur.
1629 1938 1744 1996 Qua
1801 1942 1951 1999 rapta
2011 1938 2176 1994 Greci,
2211 1953 2252 1983 25

322 2009 679 2055 coniuratione
719 2009 876 2065 facta,
930 2011 1112 2056 bellico
1165 2015 1420 2071 apparatu
1471 2026 1561 2071 per
1612 2014 2029 2073 quinquennium
2069 2027 2177 2072 pre-

321 2085 520 2141 parato,
562 2083 770 2128 Troiam
811 2084 1071 2139 obsident,
1126 2099 1224 2144 que
1265 2085 1537 2131 decennali
1577 2086 1845 2132 obsidione
1885 2087 2087 2146 capitur
2127 2090 2178 2132 et

323 2156 539 2201 deletur.
617 2157 769 2202 Troia
810 2158 882 2203 sic
923 2158 1205 2213 destructa,
1259 2159 1471 2218 quidam
1525 2160 1588 2205 de
1639 2161 1902 2205 nobilibus
1943 2160 2176 2206 Troianis

322 2229 438 2274 odio
490 2230 588 2275 loci
641 2234 692 2276 et
742 2232 923 2290 patrie,
978 2232 1190 2291 quidam
1243 2233 1429 2292 peioris
1471 2236 1690 2278 eventus
1744 2234 2063 2294 diffugiendo
2105 2247 2176 2279 se-

321 2306 605 2358 cesserunt,
649 2308 701 2350 et
740 2305 908 2350 Eneas
950 2319 1070 2350 cum
1105 2306 1202 2350 XX
1242 2307 1464 2352 navibus
1505 2308 1557 2351 in
1599 2307 1824 2353 Italiam.
1891 2307 2177 2353 Duodecim
2211 2320 2252 2351 30

320 2390 440 2421 vero
481 2377 625 2422 milia
665 2378 934 2434 nobilium,
975 2380 1111 2425 inter
1151 2394 1279 2440 quos
1307 2380 1596 2436 Anthenor,
1638 2382 1692 2426 in
1719 2382 2044 2426 Pannoniam
2086 2395 2178 2426 5611

320 2449 605 2509 Ungariam
647 2452 986 2507 devenerunt,
1039 2453 1129 2498 ubi
1168 2456 1530 2499 construentes
1583 2455 1765 2500 urbem
1807 2454 2175 2500 Siccambriam

321 2529 687 2570 remanserunt
726 2540 890 2586 usque
931 2526 997 2571 ad
1037 2529 1273 2586 tempora
1303 2527 1656 2572 Valentiniani
1696 2528 2040 2587 imperatoriS‚
2083 2528 2175 2573 Ro-

321 2598 489 2642 manis
540 2598 740 2644 tributa
791 2599 1069 2646 solventes.
1148 2600 1245 2645 Hic
1284 2601 1686 2645 Valentinianus
1739 2602 1879 2660 ipsos
1926 2601 2175 2646 Troianos

322 2684 414 2714 seu
476 2670 798 2718 Siccambros
850 2673 1133 2732 appellavit
1182 2674 1408 2718 Francos
1468 2674 1551 2718 vel
1602 2688 1631 2718 a
1683 2674 1954 2720 ferocitate
2012 2675 2095 2720 vel
2147 2689 2175 2720 a
2210 2687 2251 2719 35

320 2743 606 2800 nobilitate,
647 2746 730 2790 vel
770 2746 954 2792 Franci
995 2747 1240 2791 dicuntur
1280 2760 1310 2791 a
1338 2747 1564 2806 quodam
1592 2748 1822 2808 principe
1850 2747 2174 2804 Franoone0‚

497 2896 532 2935 a)
557 2897 779 2928 comendens
804 2897 878 2928 sta.
973 2899 1009 2938 b)
1034 2899 1120 2929 haec
1145 2899 1180 2927 in
1206 2898 1244 2928 1*
1269 2900 1370 2929 hodie
1395 2908 1460 2930 non
1487 2903 1637 2931 exstant.
1731 2900 1762 2941 c)
1788 2902 1954 2932 Fracone
1982 2901 2055 2931 1*a.

500 3028 544 3082 1)
585 3028 749 3070 Ottonis
780 3029 902 3070 Fris.
938 3029 1098 3073 Chron.
1134 3031 1210 3084 VI,
1233 3033 1274 3083 5,
1300 3045 1348 3084 p.
1373 3033 1473 3084 267,
1510 3033 1535 3076 Z.
1561 3034 1615 3075 27
1634 3047 1693 3087 sq.
1846 3034 1891 3086 2)
1934 3032 2000 3086 Cf.
2045 3033 2172 3074 addi-

322 3090 562 3128 tamentum
610 3088 667 3128 ad
713 3087 986 3129 Herimanm'
1033 3089 1194 3133 Chr-on.
1241 3103 1281 3133 a.
1313 3092 1414 3142 863,
1461 3091 1538 3134 SS.
1584 3091 1632 3143 V,
1668 3106 1716 3145 p.
1744 3093 1840 3144 106,
1880 3091 2017 3145 72.*¹,
2060 3093 2177 3145 quod

323 3160 374 3185 ear
407 3147 523 3188 Ann.
556 3147 884 3198 Alamannicis,
923 3148 1000 3191 SS.
1025 3149 1063 3200 I,
1090 3163 1137 3201 p,
1161 3150 1230 3200 50,
1275 3149 1626 3203 ‘Matheilunyen
1667 3165 1753 3191 zm·
1796 3151 2173 3192 caterlandischen
2206 3163 2249 3193 40

326 3204 570 3245 Geschz'chte
602 3204 922 3256 (Sa-Gallenst
954 3207 1089 3259 XIX,
1137 3208 1205 3251 (Ν.
1243 3208 1310 3251 Γ.)
1355 3208 1438 3259 IX,
1476 3223 1523 3261 p.
1558 3211 1645 3253 250
1688 3211 1765 3262 (cf.
1808 3211 1926 3252 Anu.
1971 3209 2173 3262 Sanyall.

325 3264 442 3315 mai„
486 3263 541 3303 ib.
578 3277 625 3316 p.
663 3266 760 3316 274,
805 3264 881 3305 SS.
913 3265 951 3318 I,
989 3280 1036 3318 p.
1073 3268 1163 3318 76),
1198 3268 1382 3319 petitum
1427 3280 1515 3308 esse
1546 3268 1729 3309 videtur.
1881 3270 1928 3322 3)
1959 3269 2031 3308 Ea
2063 3281 2174 3321 quae

321 3326 577 3374 sequuntur,
612 3335 720 3375 qaae
751 3325 945 3365 maxime
977 3326 1036 3365 acl
1069 3325 1200 3366 Gesta
1231 3326 1516 3367 Francorum
1547 3328 1741 3378 redeunt,
1773 3330 1852 3368 etsi
1873 3327 1985 3367 ande
2015 3330 2172 3380 compi-

322 3381 439 3420 lator
482 3382 726 3422 immediate
766 3383 1067 3436 desumpserit,
1111 3397 1199 3425 non
1241 3390 1420 3437 constat,
1467 3389 1544 3425 ‘cix
1575 3386 1711 3426 ullius
1745 3387 1886 3438 pretii
1917 3398 2002 3426 esse
2027 3390 2172 3438 paret.

326 3438 531 3482 Fortasse
563 3441 693 3481 etiam
724 3454 810 3481 sua
841 3455 895 3483 ex
926 3443 1088 3494 fmcstis
1119 3443 1222 3484 hinc
1254 3444 1352 3484 inde
1384 3445 1597 3496 quaesitis
1633 3445 1856 3497 conyessit.
2205 3456 2247 3486 45
