2377 3802
27 740 82 781 *μ
101 740 181 772 336.

140 858 182 887 10

137 1151 177 1181 15

134 1446 177 1476 20

132 1741 174 1771 25

130 2050 172 2081 30

129 2345 170 2376 35

126 2641 170 2671 40

125 2935 168 2966 45

127 3390 170 3422 50

534 139 859 184 CHRONICA
891 140 1005 185 UNI
1013 139 1327 185 VERSALIS
1369 139 1755 185 TURICENSIS.
1989 143 2073 186 113

393 301 529 344 Anno
561 301 744 344 Domini
778 290 1149 344 MOCCOLXOa
1187 300 1469 357 supradictus
1490 300 1704 354 Karolus,
1736 301 1810 356 qui
1832 315 1915 357 pro
1946 315 2073 368 recu·
2092 274 2218 370 1,Ξὲἰῦ
2244 333 2357 372 Imp„

215 359 451 414 peratione
493 361 622 416 regni
671 360 822 404 Sicilie
864 375 946 417 per
975 360 1214 404 Urbanum
1258 374 1424 415 papam
1466 364 1650 403 vocatus
1688 359 1848 414 fuerat,
1891 374 2071 416 navigio
2150 377 2288 414 μω),

215 418 353 460 venit.
429 417 602 461 Deinde
647 419 819 462 intrans
864 420 1107 475 Apuliam,
1158 419 1279 461 bello
1327 419 1569 474 campestri
1615 418 1769 461 habito
1816 418 2071 474 predictum

216 475 507 519 Manfredum
540 482 584 521 et
615 492 756 533 regno
789 482 832 520 et
865 479 957 521 vita
989 478 1196 533 privavit.
2092 479 2218 522 1266.

391 550 528 593 A‘nno
560 550 745 593 Domini
776 540 984 593 BIOCCO
1024 544 1089 591 ub
1128 540 1317 608 priuS¹
1362 562 1440 591 rex
1473 548 1674 604 Ungarie
1717 563 1799 603 pro
1843 550 1973 592 terris
2004 564 2070 593 re-
2091 553 2217 595 1260.

213 621 317 664 gem
348 607 536 652 Boemie
567 610 689 653 bello
711 610 989 667 aggreditur,
1021 610 1190 652 habens
1213 608 1259 650 in
1282 607 1484 651 exercitu
1507 622 1585 649 suo
1617 607 1893 649 diversarum
1925 608 2070 650 orien-

213 667 370 708 talium
403 668 638 711 nationum
670 669 962 723 homines,
995 668 1116 711 circa
1146 666 1233 710 XL
1255 666 1381 708 milia
1409 665 1623 719 equitum.
1678 665 1760 707 Cui
1781 680 1863 708 rex
1885 666 2071 709 Boemie

213 740 317 768 eum
340 730 521 769 centum
545 727 726 771 milibus
755 728 955 783 equitum
989 730 1067 779 et,
1099 729 1160 768 ut
1192 725 1370 778 dicitur,
1394 737 1519 766 cum
1542 722 1640 766 VII
1662 724 1844 766 milibu
1861 739 1880 766 s
1914 727 2070 779 “equo-

212 799 314 826 rum
346 784 467 828 ferro
501 790 819 841 coopertorum
851 785 908 828 ad
940 784 1242 828 resistendum
1274 782 1483 827 occurrit.
1548 781 1752 837 Cumque
1787 783 1832 824 in
1866 783 2070 826 confinio

212 844 351 899 regni
383 844 632 899 <bellumb>
665 845 925 888 inchoatum
958 844 1127 895 fuisset,
1160 857 1214 886 ex
1246 841 1478 885 collisione
1511 855 1731 896 equorum
1766 845 1810 884 et
1842 856 2069 885 armorum

212 906 363 945 tantus
393 904 542 959 pulvis
575 904 630 947 de
662 908 782 946 terra
814 903 1022 955 surrexit,
1054 905 1106 944 ut
1137 900 1288 944 media
1319 900 1392 943 die
1423 901 1499 943 vix
1530 900 1667 943 homo
1700 900 1931 943 hominem
1965 915 2069 957 cog-

212 974 397 1005 noscere
447 963 679 1018 potuisset.
763 961 968 1004 Tandem
1011 959 1182 1016 Ungari
1228 974 1336 1016 rege
1384 972 1541 1002 eorum
1587 960 1787 1016 graviter
1832 960 2069 1002 vulnerato

210 1023 339 1076 terga
370 1026 612 1075 vertentes,
656 1035 759 1064 cum
802 1020 1011 1064 cedentes
1055 1019 1321 1062 festinarent
1362 1018 1574 1074 effugere,
1618 1019 1663 1060 in
1705 1018 1900 1073 quodam
1932 1018 2069 1061 fluvio

211 1079 654 1133 profundissimo,
698 1093 832 1134 quem
875 1079 1067 1121 transire
1100 1077 1365 1131 debuerant,
1410 1081 1561 1132 preter
1605 1078 1712 1120 alios
1751 1077 1918 1121 occisos
1951 1079 2070 1121 circa

210 1137 361 1181 XIIII
392 1139 516 1181 milia
546 1137 782 1181 hominum
815 1138 1046 1181 submersi
1080 1137 1305 1193 dicuntur,
1338 1151 1444 1193 rege
1474 1136 1660 1179 Boemie
1692 1137 1881 1179 victoria
1912 1137 2069 1180 habita

210 1196 458 1254 Ungariam
491 1198 700 1242 intrante.
765 1196 866 1240 Rex
898 1196 1100 1253 Ungarie
1132 1210 1292 1252 pacem
1325 1196 1486 1251 querit,
1526 1200 1682 1250 terras,
1728 1210 1812 1250 que
1846 1195 2067 1238 discordie

210 1269 341 1298 causa
373 1256 574 1311 fuerant,
617 1256 815 1299 restituit
859 1260 903 1298 et
947 1257 993 1298 in
1036 1256 1258 1298 futuram
1282 1263 1302 1288 0
1345 1254 1597 1298 amiciciam
1640 1255 1869 1298 mediante
1913 1255 2067 1297 matri-

208 1315 362 1357 monio
395 1314 692 1360 confirmavit.

385 1375 523 1417 Anno
570 1375 752 1416 Domini
804 1373 1188 1416 M0OO0LXHH0
1233 1376 1430 1416 cometes
1482 1376 1575 1415 tam
1628 1372 1792 1416 nobilis
1843 1373 2066 1428 apparuit,

209 1433 389 1487 qualem
432 1434 583 1476 nullus
626 1437 734 1476 tunc
776 1434 931 1476 vivens
969 1437 1073 1475 ante
1104 1432 1232 1477 vidit.
1296 1433 1372 1474 Ab
1406 1432 1579 1474 oriente
1612 1431 1732 1474 enim
1765 1446 1868 1474 cum
1901 1445 2066 1488 magno

207 1492 385 1548 fulgore
418 1506 604 1548 surgens
636 1507 776 1547 usque
809 1492 866 1534 ad
898 1492 1099 1534 medium
1132 1491 1359 1547 emisperii
1389 1505 1542 1534 versus
1575 1490 1857 1534 occidentem
1891 1504 2067 1533 comam

208 1550 487 1605 perlucidam
518 1551 816 1607 protrahebat
847 1555 905 1605 et,
939 1550 1046 1594 licet
1078 1551 1123 1592 in
1156 1550 1342 1593 diversis
1372 1550 1577 1606 partibus
1604 1549 1763 1591 mundi
1785 1549 1902 1592 forte
1925 1550 2067 1591 multa

208 1610 490 1666 signaverit,
532 1611 618 1653 hoc
657 1613 886 1653 tantum
929 1624 1011 1665 pro
1057 1613 1180 1652 certo
1225 1613 1509 1664 compertum
1542 1612 1607 1651 est
1638 1623 1804 1650 unum:
1850 1612 1918 1663 ut,
1964 1622 2066 1651 cum

207 1669 305 1723 plus
338 1683 474 1724 quam
506 1683 588 1725 per
618 1672 708 1712 tres
741 1683 916 1712 menses
949 1669 1193 1722 duraverit,
1237 1669 1332 1724 ipso
1369 1668 1518 1723 primo
1551 1671 1797 1723 apparente
1828 1682 1947 1723 papa
1978 1667 2065 1711 Ur-

205 1729 347 1770 banus
380 1727 499 1783 cepit
531 1727 751 1770 infirmari
784 1732 829 1771 et
862 1727 1020 1770 eadem
1052 1731 1203 1783 nocte,
1242 1741 1330 1782 qua
1361 1741 1478 1783 papa
1512 1727 1748 1782 expiravit,
1793 1730 1837 1769 et
1869 1731 2066 1769 cometes
2086 1726 2213 1769 1264.

205 1786 438 1842 disparuit.

382 1846 519 1888 Anno
562 1845 747 1888 Domini
789 1845 1183 1890 M⁰CC⁰LXVIIL
1229 1844 1461 1888 Conradus
1505 1845 1614 1887 olim
1657 1858 1796 1900 nepos
1843 1843 2066 1887 Friderici
2086 1843 2211 1886 1268.

203 1920 487 1974 imperatoris
528 1920 862 1975 parvipendens
905 1920 1061 1962 domni
1115 1913 1399 1960 Clementis
1440 1904 1571 1959 III.d
1607 1931 1725 1973 pape
1759 1918 2064 1960 exeommuni-

205 1979 431 2022 cationem
465 1982 520 2022 et
552 1982 709 2022 cont-ra
741 1979 959 2022 domnum
1001 1992 1198 2035 regem
1231 1977 1470 2032 Karolum,
1515 1992 1649 2032 quem
1692 1977 1880 2020 ecclesia
1911 1990 2066 2033 regem

204 2037 358 2081 Sicilie
401 2038 583 2091 fecerat,
627 2038 874 2095 insurgens,
920 2038 978 2080 ad
1020 2038 1295 2080 Teutonicos
1339 2051 1448 2092 quos
1490 2037 1652 2079 habuit
1695 2050 1829 2090 quam
1861 2036 2065 2091 plurimis

203 2096 474 2140 Lombardis
508 2101 552 2140 et
584 2097 739 2140 Tuscis
773 2097 1009 2151 adiunctis,
1040 2096 1249 2152 pervenit
1279 2110 1420 2150 usque
1452 2095 1661 2139 Romam.
1726 2094 1817 2138 Ubi
1849 2109 1952 2137 cum
1983 2094 2065 2136 im-

202 2155 362 2210 periali
392 2170 519 2198 more
541 2156 853 2211 sollempniter
873 2160 1083 2211 receptus
1105 2156 1314 2209 fuissete,
1348 2155 1566 2198 associato
1595 2153 1681 2197 sibi
1702 2157 1909 2196 senatore
1930 2153 2066 2197 Urbis

204 2214 370 2257 domno
402 2214 621 2258 Heinrico
653 2214 794 2257 fratre
825 2215 944 2272 regis
967 2214 1160 2258 Castelle
1194 2218 1237 2256 et
1270 2228 1405 2269 quam
1427 2214 1634 2268 plurimis
1657 2213 1874 2260 Romanis
1907 2215 2064 2255 contra

202 2287 358 2330 regem
390 2273 615 2316 Karolum
647 2274 864 2329 Apuliam
896 2274 1095 2318 intravit.
1158 2273 1249 2316 Sed
1279 2277 1383 2328 post
1415 2273 1578 2314 durum
1611 2276 1861 2327 campestre
1892 2272 2063 2314 bellum

201 2331 518 2375 Conradinusf
546 2347 648 2375 cum
671 2334 760 2375 suis
782 2337 912 2389 terga
933 2332 1213 2376 vertentibus
1246 2332 1422 2387 capitur
1455 2334 1500 2374 et
1532 2345 1557 2373 a
1587 2331 1763 2374 Karolo
1787 2345 1890 2373 cum
1912 2330 2064 2372 multis

200 2392 428 2435 nobilibus
460 2392 742 2447 decapitatur
757 2392 783 2436 ².

379 2451 515 2494 Anno
557 2450 741 2494 Domini
772 2449 1096 2493 M⁰COOLXX⁰
1137 2449 1406 2492 Lodowicus
1449 2464 1531 2492 rex
1572 2448 1763 2491 Francie
1796 2462 1887 2491 non
1928 2440 2207 2504 per-1270·

201 2510 385 2553 territus
427 2524 528 2565 pre
571 2510 793 2553 ceteris
836 2510 1066 2552 laboribus
1109 2512 1153 2551 et
1193 2508 1412 2564 expensis,
1457 2522 1566 2563 quas
1599 2507 1708 2550 olim
1741 2507 1912 2550 fecerat
1942 2508 2062 2550 ultra
2079 2497 2344 2537 Mart.‚p.474.

202 2583 340 2623 mare,
385 2569 546 2612 iterato
589 2583 692 2612 cum
732 2568 909 2612 duobus
951 2568 1068 2622 filiis,
1111 2567 1324 2611 adiuncto
1362 2567 1445 2610 sibi
1475 2581 1584 2622 rege
1616 2566 1818 2610 Navarre
1850 2570 1895 2609 et
1926 2581 2061 2621 quam

202 2627 407 2682 plurimis
437 2629 622 2683 prelatis
656 2632 700 2671 et
731 2628 991 2681 baronibus,
1023 2641 1106 2682 pro
1138 2627 1480 2681 recuperatione
1509 2626 1648 2668 Terre
1681 2625 1846 2668 Sancte
1877 2625 1963 2667 iter
1995 2640 2059 2668 as-

201 2688 403 2742 sumpsit.
465 2687 641 2730 Verum
674 2687 730 2730 ad
761 2687 861 2741 hoc,
904 2690 954 2729 ut
987 2686 1195 2729 Terram
1232 2685 1466 2729 Sanctam
1508 2685 1683 2728 facilius
1726 2688 2059 2740 recuperaret,

201 2745 360 2788 incidit
391 2746 497 2801 ipsis
530 2747 780 2801 consilium,
824 2749 875 2788 ut
905 2760 1096 2802 regnum
1130 2744 1348 2798 Thunitii,
1393 2744 1514 2798 quod
1553 2744 1599 2786 in
1631 2743 1782 2786 medio
1816 2744 2060 2786 consistens

200 2819 292 2847 non
323 2819 507 2860 parum
538 2805 934 2848 transfretantibus
967 2804 1104 2846 dabat
1134 2803 1526 2859 impedimentum,
1567 2803 1778 2858 primitus
1814 2803 2059 2845 subicere-

201 2869 297 2906 tur
328 2863 687 2907 Christianorum
717 2865 944 2919 potestati.
1007 2863 1068 2906 Et
1108 2877 1211 2906 cum
1255 2862 1445 2905 Portum
1480 2867 1524 2904 et
1540 2862 1555 2885 ³
1594 2861 1929 2917 Carthaginem,
1973 2876 2057 2916 que

202 2928 269 2964 est
298 2937 440 2978 prope
474 2922 761 2976 Thunicium,
793 2923 969 2978 potenti
1000 2937 1136 2964 manu
1170 2921 1405 2977 cepissent,
1437 2921 1689 2972 infirmitas,
1723 2935 1808 2975 que
1841 2920 1917 2963 illo
1941 2935 2057 2962 anno

201 2981 397 3024 maxime
429 2981 549 3024 circa
581 2981 777 3024 confinia
819 2981 955 3024 maris
987 2982 1146 3036 viguit,
1192 2981 1460 3023 exercitum
1503 2980 1637 3022 nimis
1679 2980 1968 3034 involvit3
2015 2983 2059 3021 et

379 3143 413 3182 a)
439 3143 490 3172 ita
515 3143 568 3173 1*.
595 3142 669 3182 1*a;
696 3143 795 3174 1265.
820 3143 933 3172 Mart.
1044 3143 1081 3183 b)
1114 3144 1164 3172 ita
1189 3151 1232 3172 em
1256 3143 1365 3172 Mart.
1392 3143 1574 3181 supplevi;
1605 3142 1763 3181 prelium
1795 3143 1913 3180 suppl.
1938 3142 2053 3171 Perae,

201 3189 234 3224 c)
257 3187 308 3216 ita
332 3186 386 3217 1*.
413 3186 498 3223 1*a;
529 3187 695 3217 futurum
726 3187 854 3216 rectius
883 3187 993 3216 Mart,
1094 3185 1132 3226 d)
1161 3188 1218 3217 III
1253 3187 1358 3224 (sicf)
1390 3195 1568 3225 superscr.
1601 3187 1655 3217 1*.
1689 3186 1765 3216 1*a.
1865 3188 1899 3223 e)
1929 3186 2057 3216 fuisset

201 3239 268 3265 om,
284 3230 362 3264 1*α.
431 3231 458 3268 f)
475 3223 705 3261 cssnradinus
725 3234 809 3261 mut.
828 3229 1021 3261 Conradus
1036 3230 1089 3261 1*.

381 3376 422 3432 1)
445 3376 502 3418 Id
533 3381 593 3418 est
616 3390 657 3417 α.
679 3377 805 3427 1260,
829 3381 877 3417 ‘ut
899 3376 1038 3418 Mart.
1062 3374 1201 3427 habet,
1223 3376 1280 3426 cf.
1304 3389 1444 3428 supra
1466 3376 1493 3416 l.
1525 3378 1563 3418 1.
1686 3376 1730 3430 2)
1763 3376 1841 3416 Ita
1862 3375 2056 3415 Martini

199 3437 361 3478 codices
378 3437 544 3480 8—11.
622 3435 665 3491 3)
688 3433 735 3475 in
759 3433 1000 3489 Cartagine
1023 3434 1087 3475 vel
1106 3432 1164 3475 ad
1181 3432 1469 3489 Cartaginem
1491 3433 1686 3474 Martini
1706 3435 1869 3476 codices
1884 3435 1912 3477 8
1929 3438 1966 3475 et
1986 3436 2052 3478 11.

290 3523 375 3555 Otto
400 3522 447 3555 de
471 3523 508 3556 S.
535 3524 672 3555 Blasio.
1763 3524 1791 3566 8
