2377 3802
170 1050 295 1093 1188.

37 1108 294 1139 Marum—27.

315 116 372 157 44
698 107 963 151 OTTONIS
996 107 1076 150 DE
1110 107 1154 153 S.
1188 106 1417 150 BLASIO
1453 107 1791 152 CHRONICA.

316 260 674 312 subversione
725 258 1103 310 transmarine
1143 260 1292 310 terre
1336 261 1568 326 accepto
1609 259 1833 321 nuncio,
1889 260 2044 311 omni
2084 276 2166 311 ec-

317 335 482 386 clesie
524 333 595 383 ad
635 332 978 400 placandum
1009 332 1191 382 Deum
1233 331 1452 383 indicta
1491 332 1813 399 penitencia
1830 332 1863 394 1,
1906 333 2160 399 legatosa

315 424 443 458 suos
496 406 812 457 cardinales
865 405 1156 472 episcopos
1208 407 1265 456 et
1318 404 1674 472 presbyteros
1724 406 1786 455 in
1836 423 2028 457 omnes
2070 406 2166 457 cis-

316 480 528 531 marine
581 479 814 531 ecclesie
868 480 1004 530 fines
1046 478 1267 538 direxit,
1322 478 1454 528 filiis
1507 478 1740 529 ecclesie
1793 479 1990 529 matris
2043 496 2166 530 con-

313 549 633 605 fusionemb
687 556 924 620 paterno
973 567 1319 617 conquerens
1361 551 1574 602 affectu
1615 554 1687 612 et,
1741 555 1805 602 ut
1845 553 2014 602 matri
2053 553 2166 603 vim
2200 573 2220 604 5

315 627 564 695 pacienti
597 642 869 678 memores
898 626 1136 677 uberum
1155 625 1189 686 2,
1226 641 1465 691 quorum
1499 624 1647 675 lacte
1681 625 1969 692 primitiva
1997 626 2166 677 eccle-

315 702 397 751 sia
423 701 481 750 in
511 700 822 751 Ierusalem
851 699 1071 750 nutrita
1098 699 1159 748 in
1193 699 1271 750 eis
1299 697 1449 748 virili
1477 697 1677 749 robore
1708 698 2014 759 convaluit,
2044 699 2167 750 sub-

316 775 561 835 veniant,
606 773 941 834 obtestatur,
979 788 1253 839 cruceque
1282 774 1517 839 accepta
1543 772 1603 821 in
1630 772 2019 823 remissionem
2047 789 2168 839 pec-

316 851 587 908 catorum,
632 847 812 897 crucis
851 851 1074 897 servosc
1113 862 1169 896 se
1198 845 1525 913 glorianteS‚
1570 845 1751 896 crucis
1778 844 2166 912 ignominiam,

315 938 422 987 que
445 938 476 971 a
499 920 734 987 paganis
758 923 925 987 capta
951 919 1272 979 tenebatur,
1296 919 1355 969 in
1383 918 1610 970 laudem
1642 920 1699 970 et
1725 918 1965 985 gloriam
1993 918 2168 969 vindi·
2205 941 2243 970 ιο

316 990 479 1045 centd
502 994 770 1054 crucifixi,
793 993 965 1044 verbo
988 993 1393 1059 predicationis
1421 992 1862 1059 magnanimiter
1888 992 2165 1043 hortatur.

491 1071 577 1117 31.
646 1068 811 1116 Anno
864 1066 1143 1117 dominice
1194 1066 1603 1117 incarnationis
1644 1065 2167 1116 MOOLXXXVIH.

315 1140 603 1191 Fridricus
642 1140 950 1206 imperator
990 1139 1312 1206 generalem
1354 1140 1568 1191 curiam
1608 1140 1667 1189 in
1710 1140 1896 1191 media
1936 1139 2169 1206 quadra-

314 1214 527 1280 gesima
576 1213 880 1279 Maguncie
940 1212 1248 1264 celebravit
1299 1213 1492 1280 ibique
1550 1230 1651 1281 per
1708 1216 1892 1264 totam
1945 1213 2170 1265 Germa-

313 1287 465 1337 niam
507 1287 718 1338 sedatis
747 1286 1025 1338 bellorum
1055 1286 1382 1338 turbinibus
1410 1303 1547 1354 pace
1580 1288 1832 1354 undique
1860 1287 2171 1338 reformata
2204 1305 2244 1336 15

313 1361 394 1411 rei
444 1360 671 1428 publice
731 1360 967 1426 negocia
1025 1360 1313 1411 tractavit.
1392 1360 1482 1410 Ad
1534 1377 1700 1427 quam
1755 1361 1931 1427 legati
1982 1360 2161 1411 sedise

314 1433 662 1502 apostolice3
719 1434 1011 1485 venientes
1077 1429 1441 1501 imperatorif
1507 1433 1918 1485 desolationem
1993 1436 2170 1484 trans-

313 1508 529 1558 marine
590 1508 826 1559 ecclesie
886 1507 1111 1575 scriptis
1177 1510 1235 1559 et
1292 1507 1476 1558 verbis
1543 1524 1608 1558 ex
1672 1524 1912 1574 persona
1978 1507 2169 1558 domni

314 1581 612 1649 apostolici
664 1598 728 1632 ac
781 1581 964 1632 tocius
1016 1580 1251 1632 ecclesie
1300 1581 1596 1647 conquesti
1635 1583 2171 1648 representaverunt

313 1655 805 1722 patrociniumque
856 1654 1100 1705 Romani
1150 1655 1374 1721 imperii
1424 1671 1523 1722 per
1575 1654 1695 1706 eius
1748 1654 2023 1706 auxilium
2073 1655 2169 1704 im·
2204 1673 2247 1703 20

313 1728 696 1795 ploraverunt.
776 1727 889 1791 Qui
925 1727 1125 1779 habita
1153 1728 1564 1780 deliberatione
1606 1728 1677 1778 ad
1719 1728 2169 1779 subveniendum

314 1819 371 1853 se
411 1802 662 1853 obtulitg
707 1804 1051 1869 acceptaque
1105 1819 1233 1853 cum
1275 1801 1408 1862 filio,
1464 1801 1718 1853 Fridrico
1769 1801 1986 1853 scilicet
2028 1802 2170 1853 duce

315 1876 652 1937 Swevorum,
697 1872 1209 1943 peregrinationish
1249 1891 1413 1927 cruce
1454 1875 1513 1925 in
1553 1875 1939 1927 remissionem
1981 1892 2170 1942 pecca-

313 1952 501 2000 torum
554 1950 733 2001 crucis
784 1949 1153 2016 ignominiam
1212 1965 1270 2000 se
1325 1949 1745 2000 vindicaturum
1799 1949 2026 2017 publice
2083 1949 2170 2000 de-

312 2023 606 2074 nunciavit
647 2026 705 2074 et
745 2023 815 2073 ad
857 2023 1007 2074 idem
1038 2023 1336 2088 negocium
1367 2023 1455 2073 sui
1483 2023 1740 2090 exemplo
1769 2022 1980 2073 multos
2007 2023 2170 2089 regni
2203 2040 2244 2072 25

312 2096 616 2164 optimates
658 2113 786 2147 cum
828 2095 1199 2148 multitudine
1252 2096 1470 2147 diverse
1513 2096 1860 2148 condicionis
1902 2098 1959 2147 et
2000 2097 2170 2147 etatis

312 2170 575 2221 accendit
594 2170 629 2219 4.
725 2168 1057 2221 Cardinales
1113 2172 1305 2221 autem
1362 2170 1450 2220 his
1505 2170 1747 2237 patratis
1800 2188 1832 2220 a
1885 2170 2042 2220 curia
2094 2170 2170 2220 di·

311 2244 489 2310 gressi
540 2243 711 2295 verbo
767 2243 1172 2310 predicationis
1230 2260 1330 2311 per
1390 2244 1637 2295 diversas
1696 2243 1921 2311 imperii
1978 2246 2169 2311 partes

309 2317 605 2369 instabant
648 2317 953 2384 multisque
1005 2316 1327 2384 relinquere
1369 2319 1588 2384 patrem
1631 2320 1688 2369 et
1729 2320 1986 2376 matrem,
2041 2334 2169 2368 uxo·

309 2408 425 2442 rem
470 2394 527 2442 et
567 2390 713 2442 filios
755 2393 812 2442 et
853 2407 1016 2458 agros
1057 2393 1289 2458 propter
1317 2408 1524 2442 nomen
1554 2390 1806 2442 Christi-5
1846 2394 1903 2442 et
1945 2408 2167 2442 crucem
2201 2409 2243 2439 30

310 2464 510 2516 tollere
528 2464 561 2526 6,
604 2464 789 2532 ipsum
819 2465 978 2531 sequi
1004 2464 1063 2514 in
1105 2464 1529 2532 expedicionem
1570 2465 2009 2515 transmarinam
2051 2480 2168 2532 per-

310 2532 639 2590 suaserunti
704 2541 762 2590 et
812 2532 1323 2589 innumerabilemk
1377 2537 1685 2588 exercitum
1747 2540 2165 2589 contraxerunt.

488 2667 524 2706 a)
555 2667 698 2704 legatus
722 2676 817 2697 corr.
844 2668 988 2706 legatos
1013 2667 1045 2697 1.
1162 2666 1198 2707 b)
1231 2667 1447 2697 confusione
1481 2667 1511 2700 2.
1624 2666 1658 2703 c)
1688 2666 1877 2696 secundum
1911 2676 1942 2697 -s
1976 2675 1992 2696 e
2015 2675 2108 2696 corr.
2135 2668 2167 2697 1.

311 2708 348 2749 d)
374 2708 564 2741 vindicent
589 2720 657 2741 om.
686 2712 716 2742 2.
811 2712 844 2749 e)
872 2710 1074 2749 apostolice
1099 2711 1196 2741 sedis
1222 2712 1253 2741 2.
1346 2711 1372 2750 f)
1399 2711 1547 2741 alterum
1572 2710 1616 2740 -i·
1642 2710 1678 2740 in
1700 2711 1773 2741 loco
1791 2719 1872 2740 raso
1898 2711 1931 2741 1.
2023 2710 2060 2751 g)
2085 2711 2170 2741 -ulit

310 2755 345 2783 in
372 2754 445 2784 loco
472 2764 554 2784 raso
580 2756 612 2784 1.
717 2755 754 2795 h)
780 2754 986 2793 peregrinis
1010 2763 1105 2784 corr.
1131 2755 1205 2784 alia
1228 2764 1335 2784 manu
1360 2755 1673 2794 peregrinationis
1697 2756 1729 2784 1.
1834 2755 1859 2793 i)
1884 2759 2170 2794 permanserunt
2199 2754 2241 2785 35

310 2808 330 2827 α
356 2798 473 2828 scriba
497 2807 590 2829 corr.
618 2803 883 2837 persuaserunt
907 2800 939 2828 1.
1035 2799 1072 2836 k)
1097 2799 1187 2830 —bile
1211 2800 1281 2829 alio
1307 2802 1438 2829 atram.
1465 2808 1558 2829 corr.
1585 2799 1712 2829 —bilem
1737 2800 1768 2829 1.

488 2900 529 2955 1)
576 2901 717 2951 Quam
753 2902 996 2954 Greyorz‘us
1028 2903 1157 2946 VIII.
1193 2904 1387 2944 instituit
1418 2916 1458 2946 α.
1486 2904 1612 2946 1187.
1651 2901 1736 2943 Oct.
1759 2904 1831 2946 29.
1854 2904 1926 2946 30.
1963 2903 2069 2945 Nov.
2095 2902 2164 2955 18,

308 2958 749 3012 Jaffe-Locwenfeld,
772 2960 875 3013 Rey.
892 2966 1015 3014 pont.
1043 2975 1111 3004 mn
1138 2963 1191 3005 16
1202 2964 1302 3005 018.
1341 2963 1392 3005 16
1403 2963 1503 3006 022.
1536 2963 1588 3005 16
1600 2963 1699 3005 058.
1822 2960 1868 3016 2)
1903 2961 2027 3004 Cant.
2054 2963 2092 3012 1,
2111 2963 2163 3003 3:

306 3031 528 3060 memores
571 3017 761 3059 uberum
805 3022 986 3060 tuorum
1029 3033 1164 3074 super
1204 3019 1373 3063 vinum.
1536 3022 1581 3073 3)
1630 3021 1870 3061 Heinricus
1915 3019 2164 3061 cardinalis

308 3079 532 3130 episcopus
565 3077 842 3121 Albanensis,
992 3080 1037 3131 4)
1088 3079 1154 3130 Cf.
1202 3079 1371 3120 Ottom‘s
1402 3079 1524 3122 Fris.
1560 3079 1722 3122 Chron.
1762 3079 1867 3131 VH,
1890 3080 1919 3122 8
1950 3082 2038 3119 im:
2079 3077 2161 3118 im·
2192 3088 2235 3118 40

305 3140 488 3189 perator
530 3134 774 3178 Heinricus
819 3169 828 3179 .
874 3171 882 3180 .
929 3171 938 3180 .
982 3136 1270 3191 sepulchrum
1315 3137 1497 3179 Domini
1543 3151 1589 3180 se
1641 3136 1927 3178 visitaturum
1977 3136 2161 3191 publice

305 3193 593 3236 denunciavit
635 3208 688 3236 ac
721 3194 894 3237 multos
938 3208 991 3236 ex
1034 3195 1218 3238 diversis
1260 3196 1463 3250 partibus
1505 3195 1634 3251 regni
1677 3195 1734 3237 ad
1777 3195 1897 3237 idem
1941 3194 2158 3238 accendit.

304 3254 348 3306 ὃ)
388 3253 452 3306 Cf.
486 3253 630 3296 Marc.
666 3255 734 3304 10,
758 3255 839 3297 529:
879 3252 957 3307 qui
987 3254 1219 3308 reliquerit
1250 3255 1435 3297 domum
1469 3258 1546 3296 aut
1577 3254 1736 3296 fratres
1770 3257 1846 3295 aut
1878 3267 2050 3295 sorores
2084 3256 2161 3294 aut

303 3315 478 3365 patrem
524 3314 601 3353 aut
644 3315 835 3353 matrem
881 3316 957 3353 aut
988 3311 1105 3355 filios
1138 3317 1215 3355 aut
1247 3328 1378 3369 agros
1409 3316 1596 3368 propter
1628 3327 1699 3354 me
1733 3316 1778 3354 et
1807 3316 1995 3367 propter
2027 3325 2157 3353 evan·

304 3370 485 3424 gelium.
638 3372 681 3424 6)
721 3371 786 3423 Cf.
824 3371 976 3414 Jlatth.
1012 3374 1080 3425 16,
1104 3376 1172 3416 ⁶24.
1208 3374 1350 3416 Marc.
1383 3375 1424 3425 8,
1447 3375 1529 3416 34:
1574 3376 1619 3414 et
1656 3371 1787 3413 tollat
1819 3384 1999 3413 crucem
2031 3383 2156 3412 suam
2189 3380 2231 3411 45

304 3431 349 3470 et
379 3432 590 3482 sequatur
621 3442 706 3473 me.
