2377 3802
206 323 334 365 1194.

134 1140 243 1177 (Nor.
259 1140 331 1179 20).

354 170 409 210 62
736 161 1008 205 OTTONIS
1041 161 1121 204 DE
1153 160 1197 206 S.
1231 159 1461 204 BLASIO
1495 160 1835 206 CHRONIOA.

351 334 476 365 rum
517 330 722 381 genere
765 313 1187 365 delectabiliter
1225 311 1541 364 refertum1
1579 313 1817 380 irrumpi
1848 313 2029 374 iussit,
2072 313 2209 364 feris

350 390 409 439 in
451 405 614 439 usum
659 387 939 439 exercitus
975 386 1328 437 multifariea
1369 387 1735 453 consumptis.
1813 386 2019 454 Itaque
2061 386 2209 438 cives

352 462 774 513 animositatem
805 461 1010 513 cesaris
1036 461 1275 510 nimium
1304 462 1624 511 metuentes
1653 460 1771 510 sine
1800 460 1954 511 omni
1981 457 2208 527 pugnab

353 536 612 587 dediticii
653 536 880 587 dextras
933 536 1140 602 petunt
1181 533 1654 600 condicionesque
1702 534 1856 600 pacis
1898 550 1955 585 se
1996 550 2208 600 suaque

352 610 543 661 omnia
597 610 902 661 offerentes
962 608 1297 676 suppliciter
1350 609 1614 674 querunt.
1706 605 1925 669 Quibus
1982 624 2209 658 consen-
2242 628 2261 659 5

353 684 506 735 ciens
548 683 780 734 civitate
830 682 1047 733 tradita
1099 698 1193 733 eos
1233 681 1450 748 recepit
1488 680 1549 730 in
1589 680 1848 747 gratiam,
1898 680 2072 747 signis
2113 680 2208 731 im-

350 757 660 824 perialibus
717 756 973 807 turribus
1033 755 1284 822 undique
1338 754 1654 822 insignitis3
1723 755 2052 819 statutaque
2119 754 2208 805 die

352 830 725 897 processionis
742 835 778 893 ⁰,
842 847 952 897 quo
1005 847 1037 880 a
1089 830 1302 881 civibus
1357 830 1667 895 imperator
1717 827 1999 894 imperiali
2052 826 2209 878 fastu

352 905 747 971 susciperetur,
801 904 1111 955 exercitum
1153 903 1307 954 omni
1347 902 1655 953 affluencia
1695 901 2028 952 deliciarum
2067 917 2208 952 reso-

352 978 537 1027 lutum
579 977 842 1044 gazisque
883 977 1193 1045 spoliorum
1235 976 1459 1043 egregie
1502 976 1750 1026 ditatum
1791 991 2051 1026 securum
2090 974 2209 1025 red·
2244 995 2284 1026 ιο

352 1051 499 1101 didit
539 1050 899 1117 palestraque
940 1050 1179 1101 militari
1207 1046 1506 1101 exerciciid
1545 1049 1732 1116 gratia
1766 1048 2032 1114 omnique
2061 1064 2209 1115 spec-

348 1123 669 1175 taculorum
725 1124 1155 1191 magnificencia
1206 1124 1438 1174 interim
1486 1122 1841 1174 exhilaravit.
1920 1122 2210 1173 Τ5111ς161112

349 1214 569 1248 summa
607 1197 892 1248 industria
932 1198 1175 1249 civiume
1218 1215 1345 1249 cum
1383 1197 1641 1248 maximis
1669 1195 1990 1264 sumptibus
2016 1196 2210 1246 trium-

348 1271 510 1338 phali
548 1288 756 1338 pompa
794 1274 1099 1339 preparata
1137 1274 1264 1322 tota
1305 1274 1610 1322 coronatur
1651 1270 1868 1331 civitaS,
1917 1269 2208 1336 tapetibus

350 1345 624 1411 sertisque
655 1345 861 1396 diversi
889 1345 1111 1412 generis
1141 1348 1198 1396 et
1225 1345 1401 1412 precii
1430 1339 1724 1411 competaf
1763 1343 2206 1405 illustrantibus,
2244 1363 2282 1394 15

349 1420 573 1481 thureg,
636 1416 860 1487 myrrah
920 1419 1158 1486 aliisque
1224 1418 1518 1486 speciebus
1578 1417 1878 1468 odoriferis
1936 1416 2093 1467 intus
2153 1420 2208 1467 et

351 1495 511 1543 extra
552 1493 842 1544 civitatem
882 1493 1275 1545 redolentibus
1304 1492 1538 1559 plateis;
1583 1494 1885 1557 amotoque
1915 1507 1946 1540 a
1975 1490 2207 1542 civitate

347 1566 549 1633 procul
599 1568 941 1634 imperatore
996 1585 1123 1618 cum
1166 1567 1434 1628 exercitU,
1493 1565 1641 1616 cives
1681 1581 1780 1632 per
1820 1567 2038 1614 turmas
2080 1581 2207 1615 suas

349 1640 660 1691 secundum
721 1641 952 1692 modum
1015 1641 1393 1708 dignitatum,
1461 1638 1859 1690 condicionum
1927 1637 2208 1705 etatisque

349 1713 742 1765 differenciam
794 1714 1019 1781 egressi,
1074 1708 1322 1765 nobilesi
1372 1714 1433 1764 in
1475 1730 1576 1764 sua
1617 1707 1907 1774 eohortek,
1962 1712 2208 1763 seniores
2242 1732 2283 1763 ρο

350 1790 615 1854 etateque
656 1788 947 1855 provecti3
974 1789 1033 1838 in
1061 1805 1162 1839 suo
1191 1788 1405 1850 ordine,
1449 1790 1507 1838 et
1547 1781 1687 1837 hiisl
1727 1785 2209 1852 iunioribusquem

347 1861 710 1924 robustioreS,
767 1863 895 1913 exin
934 1862 1203 1913 iuventus
1250 1879 1376 1913 cum
1417 1861 1641 1912 inberbi
1681 1860 2072 1912 adolescencia
2111 1860 2207 1910 im-

346 1934 630 2002 belliquen
676 1936 950 2003 puericia,
1005 1936 1160 1987 omni
1207 1935 1586 1987 faleramento
1643 1934 1891 2001 equestri
1945 1933 2206 1985 vestium-

349 2025 459 2075 que
499 2009 776 2061 varietate
818 2010 1097 2072 adornati,
1140 2010 1336 2061 ordine
1378 2009 1720 2060 stacionario
1748 2009 1807 2058 in
1835 2007 2058 2059 obviam
2088 2025 2207 2075 pro-

351 2082 686 2145 cedebantO,
741 2083 979 2150 singulis
1032 2084 1380 2151 quibusquep
1427 2100 1528 2150 pro
1582 2099 1682 2133 suo
1734 2083 1902 2133 modo
1953 2081 2044 2132 vel
2085 2084 2206 2133 arte
2239 2100 2280 2131 25

351 2173 481 2207 cum
521 2157 782 2208 omnibus
834 2158 1082 2209 musiceq
1130 2157 1461 2225 discipliner
1508 2156 1904 2207 instrumentis
1943 2155 2202 2222 plausum

348 2230 767 2282 exhibentibus.
846 2231 1166 2299 Imperator
1218 2234 1410 2282 autem
1461 2233 1607 2282 nonS
1669 2229 1874 2280 minori
1923 2229 2207 2280 industria

349 2305 661 2371 composito
705 2305 959 2357 exercitu
1001 2305 1239 2356 militari
1280 2304 1582 2372 disciplina
1616 2304 1880 2370 omnique
1921 2320 2206 2371 presump-

347 2377 505 2429 tione
545 2379 859 2430 Teutonica
898 2396 1127 2446 prorsus
1160 2379 1519 2441 interdicta4,
1564 2377 2051 2444 contemptoribus
2092 2395 2206 2427 mu-

526 2491 562 2533 a)
595 2493 783 2524 multifare
808 2493 839 2525 1.
978 2493 1014 2533 b)
1048 2493 1098 2522 ita
1130 2493 1161 2523 2.
1190 2492 1495 2530 Nauclerus,(qui
1526 2491 1625 2522 omni
1650 2493 1759 2529 om.),·
1788 2499 1913 2529 pugna
1936 2499 2005 2520 om.
2032 2490 2071 2529 13
2105 2499 2207 2521 mora
2239 2493 2279 2524 30

353 2535 481 2566 Urstis.
606 2536 638 2577 c)
673 2537 836 2575 pcessois
873 2537 946 2567 alio
982 2540 1111 2567 atram.
1151 2545 1245 2567 corr.
1280 2527 1444 2574 pcessoIS
1477 2536 1509 2566 1.
1617 2533 1654 2572 d)
1687 2535 1826 2565 exercii
1854 2535 1924 2564 alio
1953 2537 2083 2565 atram.
2110 2543 2203 2567 corr.

349 2579 522 2610 exercicii
547 2582 578 2610 1.
695 2581 729 2621 e)
760 2581 897 2611 civium
930 2590 999 2611 om.
1032 2581 1064 2611 2.
1180 2581 1207 2620 f)
1239 2584 1409 2619 competa
1439 2582 1525 2609 mut.
1558 2579 1630 2610 alio
1654 2581 1811 2618 fortasse
1834 2582 1962 2611 atram.
1989 2579 2148 2618 compita
2173 2581 2203 2611 1.

348 2626 385 2661 g)
409 2633 466 2654 -re
491 2625 568 2655 alia
592 2634 701 2655 manu
718 2625 859 2664 pagina
882 2628 1027 2655 exeunte
1048 2625 1167 2663 suppl.
1194 2626 1227 2656 1.
1327 2623 1367 2664 h)
1393 2624 1506 2654 mirra
1532 2624 1562 2655 2.
1663 2624 1688 2662 i)
1714 2623 1855 2653 nobiles
1880 2623 1955 2653 azia
1978 2632 2087 2653 manu
2110 2632 2204 2655 corr.

348 2676 393 2697 ex
418 2668 479 2698 —lis
504 2670 536 2698 1.
639 2668 680 2710 k)
707 2669 859 2700 coorthe
884 2670 916 2699 1.
1020 2668 1047 2709 l)
1076 2669 1132 2699 his
1156 2669 1189 2701 2.
1292 2669 1341 2708 m)
1375 2668 1650 2705 minoribusque
1675 2668 1714 2708 13
1749 2671 1785 2698 et
1817 2667 1889 2698 hiis
1914 2685 1954 2689 —
1980 2667 2206 2698 robustiores

348 2720 417 2741 om.
446 2712 656 2743 Ncmclerus.
771 2712 812 2752 n)
844 2713 1058 2752 imbellique
1090 2713 1164 2743 alia
1194 2721 1302 2742 manu
1334 2716 1420 2744 mut.
1456 2712 1703 2751 imbecillique
1728 2712 1761 2742 1.
1877 2712 1911 2751 o)
1944 2709 2023 2742 ord.
2050 2715 2141 2742 stac.
2168 2713 2207 2743 in
2239 2713 2280 2745 35

350 2753 479 2786 ordine
503 2755 755 2794 procedebant
778 2758 816 2787 in
841 2756 989 2790 obviam
1015 2758 1046 2787 2.
1146 2755 1185 2795 p)
1209 2755 1428 2794 quibusdam
1453 2757 1485 2787 1.
1589 2758 1626 2794 q)
1650 2757 1789 2786 muscie
1814 2756 1887 2786 alio
1911 2759 2040 2786 atram.
2066 2756 2208 2796 aliaque

349 2802 387 2827 ut
411 2800 550 2829 videtur
572 2810 680 2830 manu
703 2810 796 2831 corr.
823 2802 961 2832 musice
979 2802 1011 2832 1.
1103 2802 1135 2838 r)
1160 2799 1321 2839 displine
1349 2801 1420 2831 alio
1442 2804 1571 2834 atram.
1595 2801 1735 2840 aliaque
1758 2803 1795 2830 ut
1819 2800 1958 2831 videtur
1980 2809 2088 2830 manu
2112 2809 2204 2831 corr.

349 2841 545 2882 discipline
570 2845 601 2875 1.
695 2845 725 2885 s)
750 2854 824 2875 non
847 2854 958 2884 supra
982 2845 1045 2876 lin.
1072 2846 1189 2884 suppl.
1216 2847 1248 2876 1.

530 2931 572 2987 1)
625 2933 762 2986 Apud
806 2934 1032 2986 palatium
1085 2933 1168 2973 ‘La
1218 2933 1428 2974 Favarcst
1481 2935 1541 2974 ad
1591 2933 1800 2986 Papireto
1849 2934 2013 2985 flumen
2058 2935 2203 2976 situm.

348 2988 395 3044 2)
439 2988 679 3032 Dominica
722 3005 810 3045 qua
849 2994 1054 3033 cantatur
1097 2990 1232 3034 ‘Dicit
1263 2991 1482 3034 Dominus
1515 3006 1598 3047 ego
1633 2991 1819 3048 cogito',
1853 2993 1971 3036 Ann.
2004 2990 2203 3035 Marbac.
2237 2998 2280 3028 40

349 3062 388 3101 q.
422 3049 477 3100 ὦ,
513 3050 574 3090 ed.
607 3049 669 3092 H.
701 3050 852 3103 Bloch,
880 3065 928 3105 p.
952 3051 1032 3102 653
1080 3051 1245 3103 Gaufr.
1279 3052 1435 3094 Malat.
1468 3052 1708 3105 Appendioe
1741 3053 1934 3103 a.1195,
1979 3053 2208 3093 Mur-affori

349 3106 429 3148 SS.
461 3121 612 3148 rerum
643 3109 744 3153 Ital.
777 3110 825 3162 V,
850 3123 899 3162 2).
923 3111 1033 3153 603:
1077 3109 1237 3151 ultimo
1281 3109 1445 3152 mensis
1476 3109 1772 3165 Novembris3
1815 3110 1932 3153 Rad.
1965 3109 2014 3151 de
2045 3110 2206 3162 Diceto,

358 3166 513 3219 Ymay.
566 3167 665 3211 hist.
721 3181 760 3211 α.
807 3170 945 3221 1194,
1000 3168 1078 3212 SS.
1121 3168 1341 3222 XXVII,
1399 3183 1449 3223 p.
1485 3171 1596 3214 284:
1661 3171 1727 3213 10.
1772 3167 1875 3212 Kal.
1929 3167 2206 3212 Decembris

349 3224 394 3279 3)
429 3227 469 3269 2.
502 3225 650 3267 Mach.
680 3229 723 3279 ’6,
751 3229 829 3271 18:
873 3227 943 3269 vir
985 3229 1132 3269 aetate
1174 3230 1428 3282 provectus.
1580 3229 1624 3283 4)
1673 3228 1740 3279 Cf.
1774 3228 1935 3268 Petrus
1965 3228 2015 3268 de
2047 3227 2203 3278 Ebulo,

349 3283 448 3326 Lib.
483 3284 541 3324 ad
576 3285 676 3328 hon.
715 3299 816 3338 auy.
849 3299 886 3330 v.
914 3287 1025 3330 1251
1045 3300 1162 3340 sqq:
1204 3285 1416 3329 Protinus
1453 3286 1652 3329 edictum
1689 3290 1818 3328 sonat
1848 3285 2083 3340 imperiale
2159 3299 2206 3328 er
2236 3291 2278 3322 45

350 3355 531 3384 omnes:
571 3342 577 3400 Ι
604 3342 674 3386 Ν6
706 3344 804 3398 quis
834 3348 1079 3399 presumat,
1123 3345 1242 3387 unde
1281 3346 1466 3400 querela
1506 3346 1652 3400 venit,
1697 3344 1702 3402 Ι
1740 3344 1802 3386 Et
1831 3344 1969 3399 pedes
2001 3347 2046 3386 et
2077 3357 2139 3385 mi
2161 3358 2205 3386 es

351 3404 482 3444 caute
522 3402 725 3456 pomeria
767 3406 965 3458 servent,
1009 3406 1014 3458 Ι
1055 3403 1227 3446 Oesaris
1273 3404 1490 3449 adventus
1531 3404 1656 3446 nulla
1693 3403 1863 3447 virecta
1901 3405 2071 3459 gravet.
2137 3402 2201 3456 Cf,

346 3463 479 3501 etiam
510 3474 652 3514 supra
675 3476 723 3515 p.
750 3464 818 3516 17,
850 3477 893 3507 n.
915 3465 957 3516 2,
991 3464 1062 3504 ad.
1096 3476 1128 3508 c.
1155 3466 1221 3508 14.
