2351 3802
993 162 1162 205 PRAE
1172 161 1376 207 FATIO.
2044 159 2113 203 IX

435 314 546 365 Nec
571 312 769 365 maiore
812 313 926 366 iure
961 313 1122 365 iidem
1157 313 1339 365 Ottoni
1367 314 1412 364 Ι.
1456 312 1687 363 abbati
1727 312 1893 363 alium
1921 311 2110 363 librum

257 387 577 449 tribuerunt,
644 404 791 452 quem
861 389 954 438 sub
1021 386 1231 439 Ottonis
1294 405 1327 438 a
1393 386 1583 437 Sancto
1648 385 1840 437 Blasio
1903 384 2114 436 nomine

255 478 320 512 ese
359 460 436 512 Io,
479 459 708 512 Heroldi‘
747 461 1052 512 cinctoritate
1104 459 1365 513 Urs-tisias
1415 458 1595 511 attulit
1639 463 1685 508 et
1723 477 1748 508 e
1788 458 1958 509 codice
1997 474 2112 523 quo-

255 535 376 585 (lam
417 532 801 585 Vindobonen5z
840 534 1110 586 chartaceo
1152 532 1486 584 bibliothecae
1534 529 1823 582 Caesareae
1867 549 1901 582 a
1939 548 1991 582 se
2030 548 2111 581 Cl-

201 607 505 688 mser-eptam
544 612 591 659 et
628 607 766 659 domi
806 625 918 659 cum
959 608 1363 669 membranaceo
1403 605 1489 667 fo>
1493 608 1538 655 te
1571 603 1891 670 autoyrapho
1931 603 2110 666 coszce

253 680 345 746 qui
384 698 445 732 zn
471 680 714 733 incendio
743 680 1050 732 monasterii
1076 697 1126 731 a.
1156 682 1310 729 1768.
1333 676 1551 744 periitl,
1582 676 1821 727 collatum
1847 693 1952 727 esse
1987 675 2111 728 Ger-

255 755 426 806 bertus
465 754 678 806 tradit2.
759 754 842 806 De
880 770 976 819 qno
1015 751 1284 806 Urstiszus
1322 750 1354 802 l.
1385 768 1424 802 c.
1466 750 1591 802 liaeo
1617 749 1801 801 habet:
1852 750 2108 801 Eundem

254 845 417 895 porro
470 828 903 879 Sanblasianum
956 829 1014 878 et
1066 825 1179 876 alia
1237 824 1516 892 quaedam
1577 823 1964 884 elucubrasse,
2026 823 2108 874 Io.

254 902 587 963 Heroldum,
642 901 820 952 civem
863 899 1234 951 Basiliensem
1286 899 1607 965 φιλάρχαιον,
1657 900 1864 949 testem
1911 897 2110 964 produ-

180 995 220 1024 ιο
253 992 376 1027 cere
418 991 659 1042 possum,
715 974 811 1040 qui
862 974 923 1024 in
974 972 1218 1041 epistola
1264 973 1508 1039 quadam
1549 972 1620 1022 ad
1663 970 1965 1038 Casparem
2006 971 2108 1037 pri-

253 1066 403 1098 mum
447 1048 500 1098 S.
545 1047 720 1098 Blasii
761 1046 1027 1098 abbatem
1057 1046 1284 1114 scripta,
1328 1048 1385 1097 et
1411 1046 1473 1096 in
1499 1044 1763 1113 neglecta
1800 1044 2107 1094 multarum

251 1123 575 1173 chartarum
604 1121 892 1188 farragine
921 1121 1018 1172 abs
1048 1137 1136 1172 me
1163 1122 1406 1187 reperta,
1448 1119 1526 1170 sic
1555 1118 1778 1170 scribit:
1825 1118 2108 1170 ‘Pervenit

250 1195 320 1246 ad
360 1212 558 1245 manus
587 1198 808 1246 nostras
836 1194 996 1257 liber,
1040 1195 1146 1245 hoc
1175 1192 1374 1244 titulo:
1425 1191 1631 1244 Ottonis
1657 1210 1690 1243 a
1716 1195 1894 1243 sancto
1921 1189 2110 1242 Blasio

256 1267 517 1320 Chronica
565 1267 766 1334 prima.
864 1268 1024 1320 Libri
1088 1268 1260 1319 series
1323 1282 1518 1318 omnes
1583 1282 1774 1317 sacrae
1839 1265 2110 1317 historiae

177 1361 216 1393 15
248 1342 634 1409 genealogiaS,
688 1342 759 1393 ad
811 1342 1173 1393 Timotheum
1226 1341 1531 1407 Titumque
1585 1339 1752 1390 Pauli
1803 1338 2109 1406 discipulos

248 1433 424 1483 usque
477 1416 671 1483 figuris
724 1415 961 1484 pulchre
1009 1415 1330 1482 distinguit.
1411 1412 1567 1481 Opus
1608 1429 1742 1465 sane
1784 1416 1840 1464 et
1881 1412 2109 1479 elegans

249 1492 305 1541 et
345 1507 459 1541 non
499 1490 997 1542 contemnendum.
1077 1489 1385 1540 Exordium
1439 1488 1559 1539 eius
1611 1487 1690 1538 sic
1731 1489 1922 1538 sonat:
1986 1484 2108 1538 Con-

246 1562 493 1614 siderans
541 1562 793 1615 historiae
841 1580 1026 1614 sacrae
1065 1561 1465 1629 prolixitatem,
1521 1577 1720 1613 necnon
1771 1564 1819 1611 et
1869 1557 2108 1623 diffical-

250 1641 404 1687 tatem
421 1637 454 1699 3,
498 1636 642 1689 etc.’.
728 1635 893 1689 Cuius
931 1635 1062 1688 libri
1112 1634 1469 1701 apoyraphum
1520 1634 1909 1688 Ussermannus
1947 1632 2109 1685 etiam

174 1730 216 1760 20
247 1709 307 1761 in
349 1710 663 1763 monasterio
705 1710 760 1762 S.
789 1709 977 1762 Blasii
1014 1709 1167 1773 vidit,
1208 1710 1313 1774 sed,
1356 1726 1469 1761 cam
1507 1706 1702 1775 ftyuris
1733 1712 1792 1759 ut
1810 1706 2107 1773 plurimum

248 1788 522 1849 constaret,
564 1783 863 1836 chronicam
913 1783 1030 1835 aeri
1078 1782 1307 1835 incisam
1357 1781 1542 1834 sistere
1581 1798 1769 1849 operae
1797 1779 1965 1846 pretii
2004 1797 2105 1832 non

238 1862 373 1924 puta
379 1857 455 1909 vit
466 1858 502 1909 4.

430 1960 561 2013 Cum
618 1961 679 2012 de
740 1959 1001 2012 codicibus
1060 1958 1374 2012 ‘Chronicae
1420 1957 1658 2025 primae'
1720 1958 1912 2011 certius
1968 1956 2108 2010 nihil

246 2051 424 2087 eruere
441 2033 785 2102 potuerimus,
826 2032 888 2085 in
915 2032 1076 2085 dubio
1101 2032 1465 2099 relinquamus
1490 2036 1696 2098 oportet,
1736 2037 1914 2084 utrum
1941 2030 2108 2084 nostri

170 2126 213 2158 25
252 2106 458 2160 Ottonis
505 2125 580 2160 an
628 2106 850 2160 alterius
896 2105 1129 2160 eiusdem
1176 2106 1413 2159 nominis
1459 2105 1703 2159 monachi
1750 2123 1877 2174 opus
1919 2104 2106 2170 fuerit.

255 2180 401 2234 Certe
449 2181 594 2234 alius
640 2181 771 2245 Otto,
822 2180 936 2234 nisi
984 2197 1134 2234 error
1183 2186 1231 2233 et
1278 2179 1515 2245 confusio
1565 2180 1825 2246 quaedam
1873 2178 2108 2231 nominis

244 2254 547 2320 intercedit,
607 2254 738 2321 fait,
798 2272 947 2322 quern
997 2255 1063 2307 ab
1114 2253 1492 2308 incarnatione
1548 2252 1773 2306 Domini
1821 2270 1982 2319 usque
2036 2253 2107 2305 ad

246 2346 295 2381 a.
329 2334 487 2381 1332.
519 2346 701 2397 pauca
740 2328 932 2382 litteris
971 2329 1250 2382 mandasse
1296 2326 1504 2396 Caspar
1542 2327 1592 2378 Ι.
1645 2327 1844 2380 abbas5
1893 2343 2107 2393 eumque

244 2401 409 2455 secuti
454 2401 737 2456 Gerbertus
753 2403 773 2434 ‘⁵
810 2408 859 2456 et
895 2400 999 2456 alii
1037 2403 1273 2455 tradunt.

172 2617 214 2650 30
246 2605 458 2659 lexilcon’,
490 2606 554 2648 ed.
587 2609 628 2660 2,
660 2607 747 2660 IX,
780 2607 857 2651 col.
881 2608 1033 2660 1183),
1064 2606 1126 2651 H.
1157 2606 1333 2648 Hurter
1364 2604 1694 2659 (Nomenclator
1723 2605 1825 2647 liter
1827 2606 1957 2646 arius
1987 2602 2105 2644 theo-

245 2665 387 2717 loyiae
417 2665 654 2709 catholicae
683 2665 748 2718 ΙΙ,
774 2680 824 2720 Ρ.
849 2668 979 2722 127),·
1012 2666 1253 2720 paululum
1291 2665 1545 2707 dubitanter
1578 2663 1824 2706 Gundlach.
1886 2663 1987 2705 Non
2017 2662 2110 2703 vidi

246 2723 530 2775 (Columbani
567 2725 748 2779 Reylin)
794 2725 985 2766 Librum
1026 2726 1253 2778 originum
1295 2725 1559 2766 monasterii
1598 2723 1643 2768 S.
1687 2723 1840 2764 Blasii
1878 2723 1926 2763 in
1968 2721 2106 2775 Sylva

244 2783 395 2835 niqra,
435 2783 686 2836 Waldshut,
717 2782 813 2829 Ioh.
845 2784 980 2839 Bapt.
1012 2784 1235 2839 Walpart‚
1268 2785 1395 2828 1716.

424 2870 467 2926 1)
509 2874 608 2925 ‘quo
646 2872 950 2914 continebatur
990 2872 1048 2914 D.
1084 2871 1253 2914 Ottonis
1296 2885 1325 2913 a
1367 2872 1412 2916 S.
1446 2871 1600 2913 Blasio
1635 2870 1846 2913 chronica
1876 2870 1915 2914 Ι.
1960 2882 2106 2911 omnes

173 2940 214 2971 35
247 2941 402 2970 sacrae
432 2929 646 2972 historiae
674 2932 954 2986 yenealoqias
983 2931 1147 2985 fiyuris
1176 2931 1232 2972 ab
1255 2931 1427 2984 oriyine
1448 2930 1568 2973 orbis
1588 2943 1723 2984 usque
1745 2930 1805 2970 ad
1835 2928 2105 2971 Timotheum

246 2992 283 3029 et
323 2988 472 3030 Titum
504 2989 640 3030 Pauli
679 2990 921 3045 discipulos
960 2994 1172 3032 continua
1213 2991 1326 3032 serie
1367 2989 1683 3043 distinyuens',
1730 2988 1940 3040 Gerbert„
1984 2986 2104 3028 Hist.

246 3046 418 3098 Niyrae
438 3045 585 3087 Silvae
605 3047 671 3101 ΙΙ,
696 3062 746 3102 Ρ.
770 3051 869 3093 152.
989 3050 1035 3099 2)
1064 3049 1183 3093 Hist.
1205 3049 1378 3104 Niyrae
1397 3048 1545 3090 Silvae
1566 3048 1632 3099 ΙΙ,
1649 3062 1697 3102 Ρ.
1715 3050 1786 3091 50.
1908 3048 1952 3101 3)
1986 3045 2107 3096 Quae

246 3119 343 3147 cum
385 3105 444 3146 ad
483 3105 659 3147 verbum
701 3119 797 3147 cum
839 3107 966 3150 Petri
992 3108 1286 3150 Pictaviensis
1315 3108 1527 3161 Epitoma
1556 3107 1772 3148 historiae
1813 3118 1969 3147 sacrae
2003 3116 2103 3146 con-

246 3165 392 3206 venire
421 3164 595 3215 videret,
636 3164 920 3207 Wattenbach
953 3165 1121 3209 Ottonis
1149 3166 1314 3208 librum
1344 3167 1446 3208 inde
1477 3165 1779 3208 abbreviatum
1806 3177 1894 3207 esse
1914 3164 2104 3213 coniecit,

171 3235 216 3266 40
247 3225 294 3264 in
317 3224 606 3276 praefatione
638 3223 700 3264 ad
727 3224 1066 3266 translationem
1087 3224 1266 3267 Horstii
1283 3225 1408 3267 Kohl
1432 3239 1479 3279 Ρ.
1509 3224 1614 3277 VII,
1645 3238 1689 3266 n.
1716 3226 1754 3268 1.
1874 3222 1920 3278 4)
1957 3223 2102 3264 Germ.

245 3294 402 3323 sacrae
424 3283 586 3336 prodr.
617 3282 685 3335 II,
709 3296 759 3336 Ρ.
779 3284 881 3327 451.
1036 3283 1084 3337 5)
1118 3282 1186 3335 Cf.
1220 3284 1273 3327 F.
1305 3283 1344 3327 I.
1376 3284 1520 3335 Mone,
1552 3256 1996 3334 ‘Qioetiensammlunq
2026 3281 2106 3321 der

246 3340 493 3383 Badischen
534 3340 974 3394 Landesqeschichte’
1006 3341 1045 3393 I,
1075 3355 1124 3395 Ρ.
1149 3340 1257 3396 (75).
1299 3341 1364 3394 ΙΙ,
1391 3355 1439 3395 Ρ.
1461 3343 1532 3386 56.
1685 3341 1729 3396 6)
1772 3340 1893 3383 Hist.
1935 3340 2105 3392 Niyrae

246 3399 389 3441 Silvae
418 3399 479 3441 II
506 3401 680 3453 (1788),
715 3413 765 3453 Ρ.
801 3402 901 3452 152,
943 3402 1020 3454 qui
1057 3400 1188 3441 talem
1233 3398 1402 3441 ottonis
1443 3399 1606 3441 librum
1650 3401 1756 3440 ‘iam
1798 3395 2101 3452 deperditum'

245 3458 495 3500 desiderari
524 3459 767 3512 adnotavit,
796 3459 851 3513 cf.
883 3462 1015 3501 etiam
1045 3457 1079 3500 I
1105 3457 1287 3513 (1783),
1311 3471 1360 3511 Ρ.
1386 3458 1481 3502 185.
