2377 3802
514 145 786 190 OTTONIS
819 146 899 189 DE
932 145 977 191 S.
1011 144 1239 189 BLASIO
1272 145 1612 192 CHRONICA.
1943 150 1996 192 61

142 297 630 350 contradiderunt.
711 297 930 362 Quibus
981 299 1040 348 in
1092 299 1262 349 fidem
1303 299 1577 366 susceptis
1617 298 2145 354 familiariter-1194.

142 389 250 439 que
290 370 504 422 habitis
546 371 741 422 dolum
784 376 840 424 et
880 372 1115 423 insidias
1156 389 1348 423 eorum
1387 375 1664 438 augustus
1706 373 1998 424 declinans

140 446 234 496 vix
274 445 470 495 evasit.
549 445 754 512 Itaque
807 446 1002 497 dolum
1054 446 1310 497 senciens
1359 445 1489 495 dolo
1539 445 1733 495 dolum
1774 446 1998 497 vincere

142 518 363 580 statuit,
417 519 672 585 quamvis
725 522 919 570 tamen
966 519 1259 585 perfidiam
1302 518 1542 585 perfidia
1580 518 1869 569 vindicare
1912 519 2000 569 de·

90 607 110 638 5
144 593 315 644 decus
357 592 446 643 sit.
526 592 787 659 Denique
828 610 886 644 se
927 593 1181 643 detectos
1219 591 1451 641 minime
1480 592 1751 657 putantes
1792 591 1862 641 ab
1903 592 1999 640 im-

142 668 403 734 peratore
438 666 601 717 citati
630 667 1018 717 convenerunt
1046 665 1116 714 ad
1147 681 1276 715 eum
1296 662 1330 712 1.
1398 662 1552 726 Quos
1581 680 1775 715 omnes
1805 667 1999 731 captos
2019 683 2205 719 (Infestae).

142 741 201 790 in
241 739 472 791 vincula
513 740 757 790 coniecit
798 741 855 790 et
895 737 1189 804 exquisitis
1230 736 1522 804 suppliciis
1565 737 1801 788 affectos
1843 738 2001 788 mise-

142 813 404 865 rabiliter
444 813 702 864 enecavit
720 813 754 861 2.
838 811 986 862 Nam
1027 810 1402 876 Margaritani
1443 811 1867 878 archipiratam,
1912 824 2150 879 po-1197.

143 887 527 939 tentissimum
567 886 723 936 illius
762 887 914 936 terre
955 884 1220 935 baronem
1245 884 1278 945 ³,
1333 901 1462 935 cum
1509 885 1755 951 quodam
1797 886 2003 936 comite

71 975 111 1006 ιο
142 961 430 1012 Richardo
489 959 698 1009 litteris
759 958 1014 1025 adprime
1081 957 1344 1009 erudit-04
1403 958 1582 1009 oculis
1642 959 1886 1026 privavit
1947 963 2004 1010 et

143 1035 428 1101 quendam
468 1032 583 1083 lese
624 1031 940 1083 maiestatis
982 1032 1307 1082 convictum
1358 1032 1508 1099 pelle
1563 1035 1798 1083 exutum
1847 1033 2003 1084 deco-

142 1108 327 1169 riavit,
371 1105 653 1173 quendam
683 1122 816 1157 vero
845 1122 1020 1172 regno
1050 1106 1396 1172 aspirantem
1427 1107 1683 1157 coronari
1721 1123 2004 1157 coronam-

144 1198 251 1248 que
291 1196 390 1247 per
429 1180 713 1247 timporaa
754 1179 928 1230 clavis
967 1179 1170 1230 ferreis
1211 1180 1472 1247 transfigi
1499 1181 1754 1248 precepit
1772 1180 1804 1241 ⁵,
1848 1197 2005 1247 quos-

145 1255 275 1305 dam
317 1253 502 1320 stipiti
542 1253 806 1320 alligatos
848 1254 1082 1320 piraque
1113 1253 1494 1304 circumdatos
1533 1271 1773 1305 exurens
1814 1255 2012 1305 crude*

71 1343 110 1374 15
142 1327 276 1379 liter
335 1327 580 1379 extinxit
598 1326 631 1387 ⁶,
699 1328 974 1394 quosdam
1033 1330 1193 1378 vecte
1252 1328 1570 1394 perforatos
1635 1330 2005 1379 ventretenus

144 1402 318 1452 humo
359 1401 762 1469 agglutinavit,
807 1418 871 1452 ac
910 1418 1011 1468 per
1050 1402 1155 1452 hec
1197 1402 1459 1452 omnibus
1492 1402 1551 1452 in
1581 1402 1825 1453 circuitu
1864 1402 2006 1451 nati-

145 1475 385 1526 onibus?
425 1492 539 1526 non
581 1475 763 1526 solum
805 1475 865 1525 in
905 1475 1236 1538 cismariniS,
1279 1492 1474 1526 verum
1517 1476 1687 1527 etiam
1729 1475 1789 1525 in
1829 1478 2005 1526 trans-

147 1549 377 1599 marinis
397 1548 416 1579 3
446 1549 706 1616 part-ibus
736 1549 1098 1600 severitatem
1129 1549 1247 1599 eius
1277 1550 1668 1601 metuentibus
1697 1549 2004 1599 maximum

145 1627 420 1674 terrorem
459 1623 717 1673 incussit.

71 1728 113 1758 ρο
324 1715 410 1762 40.
468 1712 636 1762 Anno
678 1711 959 1762 dominice
1000 1712 1411 1763 incarnationis
1452 1711 1869 1763 MOOOXCIHI.
1910 1713 2154 1766 im-1194.

146 1788 376 1852 perator
429 1790 628 1836 contra
678 1782 1023 1836 Falernumb
1076 1786 1367 1837 civitatem
1420 1787 1480 1836 in
1532 1786 1751 1837 ultimis
1798 1787 2006 1837 finibus

149 1859 341 1910 Sicilie
394 1859 579 1921 sitam,
634 1876 741 1925 que
795 1862 967 1926 caput
1009 1859 1200 1910 Sicilie
1254 1859 1733 1927 archisoliumque
1784 1877 2007 1911 necnon

148 1933 392 1984 erarium
432 1933 832 1984 thesaurorum
872 1950 1071 1999 regum
1114 1934 1367 1985 eiusdem
1413 1936 1562 1985 terre
1604 1935 1882 1985 hactenus
1924 1951 2008 1985 ex·

146 2007 286 2067 titit,
341 2007 518 2058 aciem
574 2007 782 2058 direxit
831 2007 1142 2074 castrisque
1184 2010 1318 2059 ante
1357 2007 1566 2059 faciem
1608 2009 1762 2059 eiusc
1804 2008 2008 2059 locatis

73 2096 115 2127 25
149 2097 272 2131 eam
314 2097 638 2148 expugnare
692 2081 972 2148 disposuit
1022 2077 1406 2148 hortumqued
1445 2081 1694 2148 regalem
1737 2082 2009 2150 amplissi-

148 2172 302 2204 mum
355 2157 551 2205 muroe
599 2155 853 2221 undique
914 2155 1329 2206 circumdatum
1389 2156 1755 2222 omniumque
1808 2156 2009 2207 bestia-

325 2327 360 2368 a)
386 2327 437 2358 ita
459 2327 494 2359 1.
519 2327 559 2367 23
586 2331 752 2367 tempora
782 2327 907 2358 Urstis.
1023 2327 1061 2367 b)
1085 2329 1136 2358 ita
1161 2329 1193 2359 1.
1221 2329 1258 2368 2;
1285 2328 1497 2359 Palermum
1528 2328 1653 2359 Urstis.
1770 2330 1802 2367 c)
1837 2329 1914 2360 eius
1940 2338 2008 2360 om.

149 2373 180 2402 1.
201 2371 411 2403 Nauclerus.
505 2370 542 2410 d)
567 2372 792 2411 hortumque
816 2375 904 2403 mut.
929 2376 1124 2410 ortumque
1149 2373 1182 2402 1.
1209 2373 1240 2403 2.
1335 2373 1368 2413 e)
1393 2373 1444 2402 ita
1469 2374 1500 2405 2.
1520 2373 1742 2411 Nauclerus;
1766 2382 1871 2404 muro
1888 2382 1956 2405 om.
1976 2375 2010 2415 1,

148 2417 208 2455 qui
224 2425 297 2455 pro
322 2414 487 2455 undique
510 2416 613 2447 initio
637 2417 781 2455 scripsit
804 2414 967 2456 mfidiq3,
993 2417 1054 2447 sed
1078 2425 1129 2447 m-
1155 2417 1293 2448 delevit.

76 2576 118 2607 30
328 2562 370 2619 1)
406 2563 473 2617 Cf:
495 2563 659 2605 Petrus
680 2564 730 2606 de
750 2564 905 2617 Ebulo,
938 2564 1037 2608 Lib.
1063 2565 1125 2605 ad
1152 2564 1254 2608 hon.
1290 2578 1391 2618 any.
1415 2578 1452 2607 v.
1478 2567 1590 2608 1341
1607 2578 1696 2619 sqq.
1820 2564 1864 2621 2)
1889 2566 2014 2607 Haec

147 2623 369 2676 supplicia
410 2624 585 2664 demum
627 2636 668 2666 a.
705 2625 832 2667 1197.
877 2625 1062 2677 captivis
1103 2624 1232 2664 illata
1273 2636 1361 2664 esse
1412 2624 1571 2665 Toechc
1614 2624 1639 2667 l.
1673 2637 1706 2667 c.
1744 2638 1791 2678 Ρ.
1815 2626 1902 2669 575
1920 2638 2010 2678 899.

148 2684 281 2724 evicit.
461 2683 508 2736 3)
558 2681 724 2724 Classis
761 2684 1051 2737 praefectum.
1233 2683 1279 2737 4>
1322 2683 1634 2737 Imperatr-icis
1674 2687 2010 2737 consanqaineo,

148 2741 279 2793 infra
305 2753 338 2783 c.
360 2742 431 2793 41,
453 2755 502 2794 p.
526 2742 597 2784 66.
652 2741 759 2792 Quis
780 2743 930 2795 fuerit,
964 2755 1053 2783 non
1074 2746 1255 2786 constat.
1278 2742 1520 2796 Per-peram
1543 2741 1804 2784 Chalamlon
1836 2744 1864 2787 l.
1888 2755 1920 2786 c.
1943 2743 2013 2794 H,

141 2812 190 2852 p,
224 2800 326 2850 487,
369 2812 412 2842 n.
449 2802 516 2843 17.
561 2801 612 2841 de
655 2801 880 2842 Richardo
923 2803 1074 2842 comite
1115 2802 1392 2842 Acer-rarum
1433 2803 1648 2854 coqitavit.
1800 2803 1846 2856 5)
1893 2803 2012 2846 Aah.

77 2870 118 2901 35
150 2858 353 2900 Marbac.
387 2871 425 2911 9.
447 2858 489 2901 d.
514 2871 555 2901 a.
581 2861 708 2910 1197,
743 2861 805 2903 ecl.
828 2860 888 2902 H.
912 2860 1063 2913 Bloch,
1088 2874 1136 2914 p.
1161 2862 1232 2913 69,
1266 2861 1293 2903 l.
1317 2862 1372 2904 31
1392 2874 1482 2914 sq.;
1513 2861 1704 2904 Arnold.
1727 2861 1839 2904 Lab.
1868 2862 1917 2913 V,
1941 2863 2011 2911 26,

150 2916 228 2960 SS.
251 2916 389 2968 XXI,
413 2930 464 2970 p.
486 2919 593 2968 2033
635 2918 813 2959 Nicetas
857 2919 1076 2960 Chom'ata
1119 2920 1182 2963 ed.
1226 2918 1266 2963 I.
1299 2919 1475 2960 Bekker
1515 2919 1671 2973 (Gor-p.
1716 2921 1866 2973 script.
1911 2920 2014 2963 hist.

150 2976 383 3029 Romana),
406 2989 457 3028 p,
480 2977 580 3019 635.
646 2977 932 3018 Guilielmum
962 2977 1248 3031 Monachum,
1279 2979 1568 3019 castella-num
1601 2979 1756 3020 Castri
1778 2980 2011 3030 Iohannis,

152 3048 248 3075 eum
278 3034 417 3087 faisse
437 3035 582 3075 nescio
607 3048 716 3075 ‘num
738 3049 792 3076 ex
811 3036 940 3087 Rycc.
974 3037 1024 3077 de
1050 3037 1094 3080 S.
1122 3037 1345 3078 Germano
1367 3050 1409 3080 a.
1434 3039 1564 3087 1197,
1587 3038 1664 3081 SS.
1687 3038 1823 3090 XIX,
1838 3052 1887 3091 p.
1911 3040 2011 3090 329,

152 3094 268 3146 effici
279 3094 437 3145 possit.
487 3093 607 3136 Arm.
630 3093 755 3137 stad.
777 3108 818 3137 a.
843 3097 972 3146 1196,
993 3095 1072 3138 SS.
1095 3094 1233 3147 XVI,
1248 3109 1297 3148 p.
1316 3098 1417 3149 353,
1438 3095 1517 3136 ubi
1535 3095 1765 3138 sordemus
1785 3098 1836 3137 de
1855 3097 2017 3138 Sicilia

77 3164 121 3195 4ο
152 3152 418 3205 appellatur.
570 3153 614 3203 6)
656 3151 725 3203 Cf.
769 3153 1019 3194 Innocentii
1046 3152 1145 3198 III.
1189 3154 1445 3207 Reyistrum
1485 3155 1537 3195 de
1577 3168 1670 3208 neq.
1708 3157 1814 3208 imp.
1846 3169 1918 3198 nr.
1941 3157 2010 3206 33,

151 3211 215 3250 ed.
238 3211 407 3252 Baluze
428 3209 467 3263 I,
493 3224 542 3264 p.
567 3212 677 3262 7043
709 3210 837 3263 Rycc.
859 3212 911 3252 de
932 3212 976 3254 S.
1003 3211 1149 3252 Germ.
1179 3226 1220 3255 a.
1246 3214 1374 3264 1194,
1407 3212 1486 3256 SS.
1508 3213 1645 3265 XIX,
1670 3227 1720 3267 p,
1743 3216 1844 3266 328,
1878 3214 1906 3256 Ζ.
1929 3215 2010 3266 34;

152 3270 271 3327 Ann.
314 3269 519 3313 Marbac.
564 3283 602 3323 9.
647 3270 688 3313 d.
734 3282 775 3313 a.
811 3271 939 3322 1197,
983 3271 1046 3313 ed.
1089 3271 1150 3315 H.
1184 3270 1334 3323 Bloch,
1369 3285 1419 3324 p.
1455 3273 1525 3322 70,
1557 3272 1586 3314 Ζ.
1618 3274 1667 3325 1;
1709 3273 1887 3313 Nicetas
1917 3272 1945 3314 l.
1978 3283 2011 3314 c.

153 3327 198 3382 7)
241 3329 329 3371 Ex.
359 3342 430 3382 φ’.
464 3329 593 3372 Deut.
629 3330 697 3381 17,
723 3330 790 3372 14.
834 3329 963 3370 Iosue
992 3331 1064 3382 21,
1085 3330 1166 3372 42:
1212 3342 1367 3370 omnes
1399 3342 1481 3383 per
1512 3328 1750 3371 circuitum
1781 3328 2012 3383 nationes;

153 3386 308 3431 Ierem.
341 3390 410 3439 25,
435 3390 485 3432 9:
531 3400 687 3429 omnes
717 3386 936 3440 nationes,
980 3400 1094 3441 quae
1132 3386 1180 3428 in
1213 3386 1405 3429 circuitu
1436 3386 1556 3428 illius
1588 3390 1704 3433 sunt.
1855 3389 1901 3442 8)
1944 3386 2010 3440 Cf.

78 3456 123 3487 45
158 3444 292 3486 Gesta
333 3447 494 3491 Heinr.
539 3446 616 3490 VI.
659 3461 697 3490 v.
734 3448 842 3490 140:
895 3445 1047 3488 Timet
1099 3445 1245 3488 omnis
1298 3445 1481 3500 civitas,
1530 3459 1660 3501 reges
1707 3446 1828 3488 ultra
1872 3459 2013 3490 mare.
