2377 3802
108 869 147 899 10

101 1382 141 1413 15

503 142 831 187 CHRONICA
864 144 1295 189 UNIVERSALIS
1339 144 1728 190 TURICENSIS.
1962 148 2046 191 115

183 288 289 332 tulit
321 288 638 331 miserabiliter
670 289 724 332 de
758 290 841 332 hac
873 291 979 346 vita,
1012 295 1057 334 et
1088 292 1163 345 sic,
1209 292 1282 346 qui
1326 291 1580 334 revocando
1623 296 1716 334 tam
1761 292 1917 334 utilem
1960 292 2045 336 toti
2065 265 2168 352 ‘1312‘
2176 299 2252 354 c⁰ont

184 347 370 390 ecclesie
403 348 770 391 constitutionem
817 349 960 404 ipsam
992 349 1323 403 scandalizavit,
1369 364 1471 393 cum
1515 349 1660 392 tocius
1700 350 1885 393 ecclesie
1919 365 2046 393 scan-
2065 348 2169 397 ,πω-ν’.
2192 345 2282 397 con’t.

184 405 287 448 dalo
332 409 398 448 est
441 405 680 448 defunctus
699 408 722 451 ¹.
847 407 968 450 Huic
1013 408 1149 451 etiam
1193 408 1385 451 concilio
1428 408 1619 450 Tartari
1664 408 1903 462 affuerunt,
1947 410 2190 464 quil-274.

183 478 401 534 baptizati
435 479 491 520 ad
522 480 705 534 propria
736 480 983 523 redierunt.
1135 477 1231 522 Hic
1273 477 1430 522 etiam
1460 475 1739 536 Gregorius
1774 495 1952 524 crucem
1988 481 2044 524 ad
2062 469 2155 499 αἰῶ·
2174 473 2263 499 “m‘'

181 537 434 580 subsidium
467 537 605 581 Terre
637 537 802 582 Sancte
834 554 916 594 per
947 543 1092 582 totum
1125 539 1346 581 mundum
1378 539 1604 593 predicari
1635 539 1851 593 precepit.
1914 539 2043 582 Deci-

180 610 276 638 mas
309 597 511 638 omnium
545 597 832 640 ecclesiarum
867 598 1020 654 colligi
1052 598 1178 640 iussit
1211 597 1267 639 ad
1298 597 1516 639 auxilium
1540 596 1660 640 dicte
1681 601 1813 641 terre.
1878 596 2043 640 Omnes

180 669 489 712 mendicantes
523 666 729 711 ordines
771 680 863 712 seu
894 671 1137 726 religiones
1170 670 1379 722 abolevit,
1423 669 1622 723 exceptis
1653 669 1923 711 nominatim
1955 669 2042 712 fra·

178 728 326 770 tribus
360 727 727 772 Predicatoribus
756 733 800 772 et
823 728 1092 782 Minoribus,
1126 742 1235 783 quos
1268 727 1390 770 idem
1423 727 1666 770 concilium
1699 727 1938 770 universali
1973 742 2042 770 ec-

179 786 314 830 clesie
358 787 490 830 utiles
532 787 761 832 iudicavit,
923 786 1014 830 Hic
1056 800 1174 842 papa
1216 786 1328 828 mire
1372 785 1651 841 experientie
1689 785 1735 827 in
1768 786 2043 829 secularibus
2063 796 2276 829 Mar-acone.

180 873 270 902 non
312 861 574 903 intendebat
618 861 911 916 pecuniarum
955 860 1106 913 lucris,
1146 859 1223 902 sed
1255 873 1507 914 pauperum
1541 858 1808 903 elemosinis.
1890 849 2040 901 Huic

181 924 352 975 etiam
385 925 625 976 concilio
653 924 921 975 interfuit
948 924 1333 974 Romanorum
1361 939 1458 973 rex
1488 922 1767 973 Rodolfus
1786 923 1819 971 2.
1874 931 2042 976 Nume-

178 1006 254 1034 rus
288 997 440 1035 autem
473 994 766 1048 prelatorum,
801 993 877 1046 qui
910 992 1095 1034 fuerunt
1115 992 1162 1033 in
1195 991 1400 1044 concilio,
1435 991 1456 1032 f
1466 991 1553 1034 uit
1585 991 1822 1046 quingenti
1845 991 2042 1047 episcopi

179 1054 222 1093 et
255 1052 489 1108 sexaginta
522 1051 707 1094 abbates
741 1054 785 1093 et
817 1050 893 1092 alii
924 1051 1087 1105 prelati
1123 1050 1242 1093 circa
1273 1051 1451 1094 millea.

355 1219 391 1258 a)
415 1211 522 1248 τελὸσ
547 1227 652 1248 manu
679 1226 745 1249 rec.
774 1218 857 1248 add.
886 1218 962 1249 1*cc.

357 1366 399 1421 1)
436 1367 490 1410 A.
526 1367 651 1410 1277.
698 1365 817 1406 Man·
861 1367 930 1409 20.
1084 1366 1127 1418 2)
1173 1365 1229 1405 In
1273 1365 1389 1406 hunc
1434 1366 1607 1406 modum
1655 1366 1842 1418 sonasse
1888 1371 2041 1407 auctor

174 1427 377 1478 corrupit
407 1425 522 1466 illud
551 1425 746 1465 Martini
776 1426 1034 1475 continuati,
1078 1423 1158 1465 SS.
1180 1423 1340 1475 XXII,
1366 1438 1414 1477 p.
1437 1425 1537 1475 442,
1578 1424 1604 1467 l.
1629 1426 1846 1468 37—39:
1890 1423 2038 1466 Huius

171 1485 378 1538 tempore
421 1497 503 1525 rex
548 1481 858 1525 Romanorum
899 1486 943 1525 et
985 1495 1064 1524 rex
1096 1481 1377 1525 Francorum
1413 1518 1420 1527 .
1457 1518 1464 1527 .
1500 1517 1508 1526 .
1557 1495 1688 1525 cruce
1721 1481 1884 1539 signati
1922 1486 2037 1527 sunt.

1710 3529 1764 3572 8*
