<?xml version="1.0" encoding="UTF-8"?>
<!DOCTYPE html PUBLIC "-//W3C//DTD XHTML 1.0 Transitional//EN"
    "http://www.w3.org/TR/xhtml1/DTD/xhtml1-transitional.dtd">
<html xmlns="http://www.w3.org/1999/xhtml" xml:lang="en" lang="en">
 <head>
  <title>
</title>
<meta http-equiv="Content-Type" content="text/html;charset=utf-8" />
  <meta name='ocr-system' content='tesseract 3.04.00' />
  <meta name='ocr-capabilities' content='ocr_page ocr_carea ocr_par ocr_line ocrx_word'/>
</head>
<body>
  <div class='ocr_page' id='page_1' title='image "./ottonisdesanctob00ottouoft/ottonisdesanctob00ottouoft_0132.png"; bbox 0 0 2377 3802; ppageno 0'>
   <div class='ocr_carea' id='block_1_1' title="bbox 116 1106 326 1144">
    <p class='ocr_par' dir='ltr' id='par_1_1' title="bbox 116 1106 326 1144">
     <span class='ocr_line' id='line_1_1' title="bbox 116 1106 326 1144; baseline -0.01 -8"><span class='ocrx_word' id='word_1_1' title='bbox 116 1106 215 1144; x_wconf 71' lang='lat' dir='ltr'>Dipl.</span> <span class='ocrx_word' id='word_1_2' title='bbox 234 1106 326 1136; x_wconf 77' lang='lat' dir='ltr'>Lud.</span> 
     </span>
    </p>
   </div>
   <div class='ocr_carea' id='block_1_2' title="bbox 352 140 1884 190">
    <p class='ocr_par' dir='ltr' id='par_1_2' title="bbox 352 140 1884 190">
     <span class='ocr_line' id='line_1_2' title="bbox 352 140 1884 190; baseline -0.001 0"><span class='ocrx_word' id='word_1_3' title='bbox 352 147 436 190; x_wconf 89' lang='grc'>108</span> <span class='ocrx_word' id='word_1_4' title='bbox 663 141 990 185; x_wconf 79' lang='lat' dir='ltr'>oHRONIGA</span> <span class='ocrx_word' id='word_1_5' title='bbox 1021 140 1454 186; x_wconf 87' lang='lat' dir='ltr'><strong>UNIVERSALIS</strong></span> <span class='ocrx_word' id='word_1_6' title='bbox 1497 141 1884 189; x_wconf 74' lang='lat' dir='ltr'><strong>TURIOENSIS.</strong></span> 
     </span>
    </p>
   </div>
   <div class='ocr_carea' id='block_1_3' title="bbox 347 293 2280 1022">
    <p class='ocr_par' dir='ltr' id='par_1_3' title="bbox 347 293 2280 1022">
     <span class='ocr_line' id='line_1_3' title="bbox 348 293 2202 362; baseline 0.001 -18"><span class='ocrx_word' id='word_1_7' title='bbox 348 293 592 362; x_wconf 89' lang='lat' dir='ltr'>premisi,</span> <span class='ocrx_word' id='word_1_8' title='bbox 645 293 703 343; x_wconf 93' lang='lat' dir='ltr'>in</span> <span class='ocrx_word' id='word_1_9' title='bbox 756 293 1028 360; x_wconf 86' lang='lat' dir='ltr'>premisso</span> <span class='ocrx_word' id='word_1_10' title='bbox 1081 293 1422 344; x_wconf 88' lang='lat' dir='ltr'>monasterio</span> <span class='ocrx_word' id='word_1_11' title='bbox 1472 294 1835 360; x_wconf 87' lang='lat' dir='ltr'>requiescunt</span> <span class='ocrx_word' id='word_1_12' title='bbox 1874 323 1946 328; x_wconf 97' lang='lat'><strong>—</strong></span> <span class='ocrx_word' id='word_1_13' title='bbox 1985 295 2105 345; x_wconf 83' lang='lat' dir='ltr'>vita</span> <span class='ocrx_word' id='word_1_14' title='bbox 2144 297 2202 346; x_wconf 91' lang='lat' dir='ltr'>et</span> 
     </span>
     <span class='ocr_line' id='line_1_4' title="bbox 350 365 2201 433; baseline 0 -15"><span class='ocrx_word' id='word_1_15' title='bbox 350 366 702 418; x_wconf 86' lang='lat' dir='ltr'>conversatio</span> <span class='ocrx_word' id='word_1_16' title='bbox 753 367 1003 433; x_wconf 90' lang='lat' dir='ltr'>ipsarum</span> <span class='ocrx_word' id='word_1_17' title='bbox 1055 366 1238 433; x_wconf 91' lang='lat' dir='ltr'>qualis</span> <span class='ocrx_word' id='word_1_18' title='bbox 1289 367 1484 426; x_wconf 76' lang='lat' dir='ltr'>fuerit,</span> <span class='ocrx_word' id='word_1_19' title='bbox 1537 365 1696 418; x_wconf 91' lang='lat' dir='ltr'>Iesus</span> <span class='ocrx_word' id='word_1_20' title='bbox 1738 366 1998 419; x_wconf 85' lang='lat' dir='ltr'>Christus</span> <span class='ocrx_word' id='word_1_21' title='bbox 2051 367 2201 419; x_wconf 91' lang='lat' dir='ltr'>filius</span> 
     </span>
     <span class='ocr_line' id='line_1_5' title="bbox 349 440 2200 507; baseline 0.001 -17"><span class='ocrx_word' id='word_1_22' title='bbox 349 440 457 492; x_wconf 88' lang='lat' dir='ltr'>Dei</span> <span class='ocrx_word' id='word_1_23' title='bbox 497 440 651 490; x_wconf 91' lang='lat' dir='ltr'>omni</span> <span class='ocrx_word' id='word_1_24' title='bbox 681 442 937 506; x_wconf 91' lang='lat' dir='ltr'>tempore</span> <span class='ocrx_word' id='word_1_25' title='bbox 966 440 1038 490; x_wconf 91' lang='lat' dir='ltr'>ad</span> <span class='ocrx_word' id='word_1_26' title='bbox 1064 440 1292 491; x_wconf 89' lang='lat' dir='ltr'>tumbas</span> <span class='ocrx_word' id='word_1_27' title='bbox 1322 457 1513 491; x_wconf 89' lang='lat' dir='ltr'>earum</span> <span class='ocrx_word' id='word_1_28' title='bbox 1543 440 1941 507; x_wconf 86' lang='lat' dir='ltr'>multipliciter</span> <span class='ocrx_word' id='word_1_29' title='bbox 1966 440 2200 501; x_wconf 86' lang='lat' dir='ltr'>revelat,</span> 
     </span>
     <span class='ocr_line' id='line_1_6' title="bbox 347 513 2203 581; baseline 0.001 -17"><span class='ocrx_word' id='word_1_30' title='bbox 347 531 478 564; x_wconf 90' lang='lat' dir='ltr'>nam</span> <span class='ocrx_word' id='word_1_31' title='bbox 521 514 727 565; x_wconf 84' lang='lat' dir='ltr'>diversi</span> <span class='ocrx_word' id='word_1_32' title='bbox 766 513 935 564; x_wconf 83' lang='lat' dir='ltr'>variis</span> <span class='ocrx_word' id='word_1_33' title='bbox 975 513 1347 581; x_wconf 84' lang='lat' dir='ltr'>languoribus</span> <span class='ocrx_word' id='word_1_34' title='bbox 1386 513 1597 565; x_wconf 88' lang='lat' dir='ltr'>irretiti</span> <span class='ocrx_word' id='word_1_35' title='bbox 1623 513 1742 564; x_wconf 91' lang='lat' dir='ltr'>illic</span> <span class='ocrx_word' id='word_1_36' title='bbox 1770 515 2033 566; x_wconf 89' lang='lat' dir='ltr'>sanitatis</span> <span class='ocrx_word' id='word_1_37' title='bbox 2069 514 2203 566; x_wconf 90' lang='lat' dir='ltr'>reci·</span> 
     </span>
     <span class='ocr_line' id='line_1_7' title="bbox 347 587 2255 654; baseline 0 -16"><span class='ocrx_word' id='word_1_38' title='bbox 347 588 515 654; x_wconf 92' lang='lat' dir='ltr'>piunt</span> <span class='ocrx_word' id='word_1_39' title='bbox 553 588 966 639; x_wconf 88' lang='lat' dir='ltr'>incrementum</span> <span class='ocrx_word' id='word_1_40' title='bbox 1014 615 1086 620; x_wconf 86' lang='lat'>—-</span> <span class='ocrx_word' id='word_1_41' title='bbox 1132 589 1199 637; x_wconf 91' lang='lat' dir='ltr'>ut</span> <span class='ocrx_word' id='word_1_42' title='bbox 1237 587 1417 654; x_wconf 86' lang='lat' dir='ltr'>igitur</span> <span class='ocrx_word' id='word_1_43' title='bbox 1455 596 1571 638; x_wconf 81' lang='lat' dir='ltr'>tam</span> <span class='ocrx_word' id='word_1_44' title='bbox 1612 587 2002 639; x_wconf 85' lang='lat' dir='ltr'>desiderabilis</span> <span class='ocrx_word' id='word_1_45' title='bbox 2043 588 2203 639; x_wconf 83' lang='lat' dir='ltr'>affec·</span> <span class='ocrx_word' id='word_1_46' title='bbox 2235 608 2255 638; x_wconf 84' lang='lat'>5</span> 
     </span>
     <span class='ocr_line' id='line_1_8' title="bbox 348 660 2203 728; baseline 0.001 -17"><span class='ocrx_word' id='word_1_47' title='bbox 348 664 440 712; x_wconf 91' lang='lat' dir='ltr'>tus</span> <span class='ocrx_word' id='word_1_48' title='bbox 493 663 551 712; x_wconf 94' lang='lat' dir='ltr'>et</span> <span class='ocrx_word' id='word_1_49' title='bbox 600 678 729 712; x_wconf 82' lang='lat' dir='ltr'>vere</span> <span class='ocrx_word' id='word_1_50' title='bbox 782 660 1177 728; x_wconf 86' lang='lat' dir='ltr'>multipliciter</span> <span class='ocrx_word' id='word_1_51' title='bbox 1229 661 1712 712; x_wconf 89' lang='lat' dir='ltr'>commendandus</span> <span class='ocrx_word' id='word_1_52' title='bbox 1762 661 1821 710; x_wconf 91' lang='lat' dir='ltr'>in</span> <span class='ocrx_word' id='word_1_53' title='bbox 1868 661 2203 713; x_wconf 90' lang='lat' dir='ltr'>abscondito</span> 
     </span>
     <span class='ocr_line' id='line_1_9' title="bbox 347 734 2203 795; baseline 0.001 -11"><span class='ocrx_word' id='word_1_54' title='bbox 347 751 463 786; x_wconf 93' lang='lat' dir='ltr'>non</span> <span class='ocrx_word' id='word_1_55' title='bbox 501 734 695 795; x_wconf 84' lang='lat' dir='ltr'>lateat,</span> <span class='ocrx_word' id='word_1_56' title='bbox 750 735 847 785; x_wconf 91' lang='lat' dir='ltr'>sed</span> <span class='ocrx_word' id='word_1_57' title='bbox 897 735 957 784; x_wconf 91' lang='lat' dir='ltr'>in</span> <span class='ocrx_word' id='word_1_58' title='bbox 1009 734 1238 785; x_wconf 88' lang='lat' dir='ltr'>auribus</span> <span class='ocrx_word' id='word_1_59' title='bbox 1280 735 1574 785; x_wconf 89' lang='lat' dir='ltr'>hominum</span> <span class='ocrx_word' id='word_1_60' title='bbox 1629 737 1686 785; x_wconf 91' lang='lat' dir='ltr'>et</span> <span class='ocrx_word' id='word_1_61' title='bbox 1734 734 1967 786; x_wconf 80' lang='lat' dir='ltr'>ecclesie</span> <span class='ocrx_word' id='word_1_62' title='bbox 2008 737 2203 786; x_wconf 88' lang='lat' dir='ltr'>sancte</span> 
     </span>
     <span class='ocr_line' id='line_1_10' title="bbox 348 807 2204 875; baseline -0.001 -16"><span class='ocrx_word' id='word_1_63' title='bbox 348 808 617 859; x_wconf 88' lang='lat' dir='ltr'>noticiam</span> <span class='ocrx_word' id='word_1_64' title='bbox 659 809 1057 870; x_wconf 71' lang='lat' dir='ltr'>transferatur,</span> <span class='ocrx_word' id='word_1_65' title='bbox 1100 808 1296 875; x_wconf 88' lang='lat' dir='ltr'>scripti</span> <span class='ocrx_word' id='word_1_66' title='bbox 1336 808 1648 859; x_wconf 81' lang='lat' dir='ltr'>munimine</span> <span class='ocrx_word' id='word_1_67' title='bbox 1682 807 2048 874; x_wconf 83' lang='lat' dir='ltr'>suffragante,</span> <span class='ocrx_word' id='word_1_68' title='bbox 2091 807 2204 875; x_wconf 89' lang='lat' dir='ltr'>pla-</span> 
     </span>
     <span class='ocr_line' id='line_1_11' title="bbox 349 881 2204 949; baseline 0.001 -17"><span class='ocrx_word' id='word_1_69' title='bbox 349 882 467 932; x_wconf 90' lang='lat' dir='ltr'>cuit</span> <span class='ocrx_word' id='word_1_70' title='bbox 507 881 885 948; x_wconf 84' lang='lat' dir='ltr'>privilegium,</span> <span class='ocrx_word' id='word_1_71' title='bbox 928 883 1080 948; x_wconf 92' lang='lat' dir='ltr'>quod</span> <span class='ocrx_word' id='word_1_72' title='bbox 1107 882 1514 933; x_wconf 86' lang='lat' dir='ltr'>invictissimus</span> <span class='ocrx_word' id='word_1_73' title='bbox 1553 898 1651 932; x_wconf 85' lang='lat' dir='ltr'>rex</span> <span class='ocrx_word' id='word_1_74' title='bbox 1680 881 2014 932; x_wconf 83' lang='lat' dir='ltr'>Ludewicus</span> <span class='ocrx_word' id='word_1_75' title='bbox 2055 897 2204 949; x_wconf 84' lang='lat' dir='ltr'>sepe-</span> 
     </span>
     <span class='ocr_line' id='line_1_12' title="bbox 348 954 2280 1022; baseline -0.001 -16"><span class='ocrx_word' id='word_1_76' title='bbox 348 955 500 1006; x_wconf 93' lang='lat' dir='ltr'>dicto</span> <span class='ocrx_word' id='word_1_77' title='bbox 553 955 896 1006; x_wconf 85' lang='lat' dir='ltr'>monasterio</span> <span class='ocrx_word' id='word_1_78' title='bbox 950 973 1051 1022; x_wconf 92' lang='lat' dir='ltr'>pro</span> <span class='ocrx_word' id='word_1_79' title='bbox 1105 957 1191 1006; x_wconf 92' lang='lat' dir='ltr'>sui</span> <span class='ocrx_word' id='word_1_80' title='bbox 1246 955 1514 1007; x_wconf 87' lang='lat' dir='ltr'>libertate</span> <span class='ocrx_word' id='word_1_81' title='bbox 1565 954 1807 1006; x_wconf 89' lang='lat' dir='ltr'>tradidit</span> <span class='ocrx_word' id='word_1_82' title='bbox 1854 957 1912 1006; x_wconf 92' lang='lat' dir='ltr'>et</span> <span class='ocrx_word' id='word_1_83' title='bbox 1952 955 2201 1015; x_wconf 86' lang='lat' dir='ltr'>donavit,</span> <span class='ocrx_word' id='word_1_84' title='bbox 2238 975 2280 1005; x_wconf 94' lang='lat'>10</span> 
     </span>
    </p>
   </div>
   <div class='ocr_carea' id='block_1_4' title="bbox 343 1028 2280 2466">
    <p class='ocr_par' dir='ltr' id='par_1_4' title="bbox 345 1028 1145 1095">
     <span class='ocr_line' id='line_1_13' title="bbox 345 1028 1145 1095; baseline 0.001 -16"><span class='ocrx_word' id='word_1_85' title='bbox 345 1028 782 1095; x_wconf 72' lang='lat' dir='ltr'>precedentibus</span> <span class='ocrx_word' id='word_1_86' title='bbox 824 1029 1145 1081; x_wconf 89' lang='lat' dir='ltr'>subnotare.</span> 
     </span>
    </p>

    <p class='ocr_par' dir='ltr' id='par_1_5' title="bbox 343 1095 2280 2466">
     <span class='ocr_line' id='line_1_14' title="bbox 523 1095 2206 1141; baseline 0.001 -4"><span class='ocrx_word' id='word_1_87' title='bbox 523 1095 610 1138; x_wconf 83' lang='lat' dir='ltr'>Inl</span> <span class='ocrx_word' id='word_1_88' title='bbox 653 1097 836 1138; x_wconf 87' lang='lat' dir='ltr'>nomine</span> <span class='ocrx_word' id='word_1_89' title='bbox 879 1100 1032 1140; x_wconf 86' lang='lat' dir='ltr'>sancte</span> <span class='ocrx_word' id='word_1_90' title='bbox 1076 1101 1121 1140; x_wconf 88' lang='lat' dir='ltr'>et</span> <span class='ocrx_word' id='word_1_91' title='bbox 1158 1097 1387 1141; x_wconf 86' lang='lat' dir='ltr'>individue</span> <span class='ocrx_word' id='word_1_92' title='bbox 1419 1097 1665 1141; x_wconf 78' lang='lat' dir='ltr'>Trinitatis.</span> <span class='ocrx_word' id='word_1_93' title='bbox 1729 1096 2021 1140; x_wconf 88' lang='lat' dir='ltr'>Lodowicus</span> <span class='ocrx_word' id='word_1_94' title='bbox 2053 1096 2206 1140; x_wconf 81' lang='lat' dir='ltr'>divina</span> 
     </span>
     <span class='ocr_line' id='line_1_15' title="bbox 348 1155 2205 1213; baseline 0.001 -15"><span class='ocrx_word' id='word_1_95' title='bbox 348 1155 528 1198; x_wconf 87' lang='lat' dir='ltr'>favente</span> <span class='ocrx_word' id='word_1_96' title='bbox 560 1156 707 1210; x_wconf 87' lang='lat' dir='ltr'>gratia</span> <span class='ocrx_word' id='word_1_97' title='bbox 738 1169 832 1199; x_wconf 75' lang='lat' dir='ltr'>rex,</span> <span class='ocrx_word' id='word_1_98' title='bbox 898 1155 946 1198; x_wconf 88' lang='lat' dir='ltr'>Si</span> <span class='ocrx_word' id='word_1_99' title='bbox 990 1156 1045 1198; x_wconf 89' lang='lat' dir='ltr'>de</span> <span class='ocrx_word' id='word_1_100' title='bbox 1083 1157 1218 1199; x_wconf 87' lang='lat' dir='ltr'>rebus</span> <span class='ocrx_word' id='word_1_101' title='bbox 1249 1157 1452 1211; x_wconf 86' lang='lat' dir='ltr'>terrenis,</span> <span class='ocrx_word' id='word_1_102' title='bbox 1486 1171 1596 1211; x_wconf 90' lang='lat' dir='ltr'>quas</span> <span class='ocrx_word' id='word_1_103' title='bbox 1628 1156 1781 1198; x_wconf 88' lang='lat' dir='ltr'>divina</span> <span class='ocrx_word' id='word_1_104' title='bbox 1815 1171 1965 1199; x_wconf 91' lang='lat' dir='ltr'>sumus</span> <span class='ocrx_word' id='word_1_105' title='bbox 1996 1156 2205 1213; x_wconf 85' lang='lat' dir='ltr'>largitate</span> 
     </span>
     <span class='ocr_line' id='line_1_16' title="bbox 349 1214 2205 1270; baseline 0.001 -13"><span class='ocrx_word' id='word_1_106' title='bbox 349 1214 592 1266; x_wconf 79' lang='lat' dir='ltr'>consecuti,</span> <span class='ocrx_word' id='word_1_107' title='bbox 625 1214 682 1256; x_wconf 88' lang='lat' dir='ltr'>ad</span> <span class='ocrx_word' id='word_1_108' title='bbox 713 1214 814 1256; x_wconf 87' lang='lat' dir='ltr'>loca</span> <span class='ocrx_word' id='word_1_109' title='bbox 846 1218 1106 1256; x_wconf 86' lang='lat' dir='ltr'>sanctorum</span> <span class='ocrx_word' id='word_1_110' title='bbox 1138 1215 1196 1257; x_wconf 90' lang='lat' dir='ltr'>ob</span> <span class='ocrx_word' id='word_1_111' title='bbox 1231 1215 1436 1258; x_wconf 88' lang='lat' dir='ltr'>divinum</span> <span class='ocrx_word' id='word_1_112' title='bbox 1467 1229 1681 1269; x_wconf 89' lang='lat' dir='ltr'>amorem,</span> <span class='ocrx_word' id='word_1_113' title='bbox 1714 1216 1890 1270; x_wconf 87' lang='lat' dir='ltr'>regium</span> <span class='ocrx_word' id='word_1_114' title='bbox 1921 1228 2097 1257; x_wconf 90' lang='lat' dir='ltr'>morem</span> <span class='ocrx_word' id='word_1_115' title='bbox 2129 1214 2205 1258; x_wconf 87' lang='lat' dir='ltr'>de-</span> 
     </span>
     <span class='ocr_line' id='line_1_17' title="bbox 348 1273 2279 1329; baseline -0.002 -13"><span class='ocrx_word' id='word_1_116' title='bbox 348 1276 502 1316; x_wconf 89' lang='lat' dir='ltr'>center</span> <span class='ocrx_word' id='word_1_117' title='bbox 544 1273 798 1327; x_wconf 79' lang='lat' dir='ltr'>implentes,</span> <span class='ocrx_word' id='word_1_118' title='bbox 844 1273 1014 1327; x_wconf 88' lang='lat' dir='ltr'>aliquid</span> <span class='ocrx_word' id='word_1_119' title='bbox 1058 1273 1345 1327; x_wconf 82' lang='lat' dir='ltr'>conferimus,</span> <span class='ocrx_word' id='word_1_120' title='bbox 1388 1274 1475 1317; x_wconf 89' lang='lat' dir='ltr'>hoc</span> <span class='ocrx_word' id='word_1_121' title='bbox 1518 1274 1648 1317; x_wconf 89' lang='lat' dir='ltr'>nobis</span> <span class='ocrx_word' id='word_1_122' title='bbox 1691 1288 1784 1317; x_wconf 88' lang='lat' dir='ltr'>esse</span> <span class='ocrx_word' id='word_1_123' title='bbox 1827 1273 2117 1329; x_wconf 88' lang='lat' dir='ltr'>profuturum</span> <span class='ocrx_word' id='word_1_124' title='bbox 2149 1273 2206 1317; x_wconf 86' lang='lat' dir='ltr'>ad</span> <span class='ocrx_word' id='word_1_125' title='bbox 2240 1283 2279 1313; x_wconf 85' lang='lat'>15</span> 
     </span>
     <span class='ocr_line' id='line_1_18' title="bbox 347 1331 2207 1388; baseline 0.001 -14"><span class='ocrx_word' id='word_1_126' title='bbox 347 1336 500 1375; x_wconf 90' lang='lat' dir='ltr'>eterne</span> <span class='ocrx_word' id='word_1_127' title='bbox 532 1331 916 1374; x_wconf 81' lang='lat' dir='ltr'>remuneracionis</span> <span class='ocrx_word' id='word_1_128' title='bbox 943 1332 1119 1387; x_wconf 85' lang='lat' dir='ltr'>premia</span> <span class='ocrx_word' id='word_1_129' title='bbox 1141 1332 1415 1387; x_wconf 86' lang='lat' dir='ltr'>capessenda</span> <span class='ocrx_word' id='word_1_130' title='bbox 1435 1333 1603 1387; x_wconf 89' lang='lat' dir='ltr'>liquido</span> <span class='ocrx_word' id='word_1_131' title='bbox 1628 1333 1864 1378; x_wconf 85' lang='lat' dir='ltr'>credimus,</span> <span class='ocrx_word' id='word_1_132' title='bbox 1919 1331 2207 1388; x_wconf 71' lang='lat' dir='ltr'>Quapropter</span> 
     </span>
     <span class='ocr_line' id='line_1_19' title="bbox 344 1390 2200 1458; baseline 0.001 -24"><span class='ocrx_word' id='word_1_133' title='bbox 344 1391 594 1446; x_wconf 88' lang='lat' dir='ltr'>comperiat</span> <span class='ocrx_word' id='word_1_134' title='bbox 627 1390 828 1433; x_wconf 90' lang='lat' dir='ltr'>omnium</span> <span class='ocrx_word' id='word_1_135' title='bbox 859 1390 1063 1433; x_wconf 89' lang='lat' dir='ltr'>fidelium</span> <span class='ocrx_word' id='word_1_136' title='bbox 1095 1394 1250 1435; x_wconf 91' lang='lat' dir='ltr'>sancte</span> <span class='ocrx_word' id='word_1_137' title='bbox 1279 1391 1363 1434; x_wconf 90' lang='lat' dir='ltr'>Dei</span> <span class='ocrx_word' id='word_1_138' title='bbox 1396 1392 1582 1435; x_wconf 83' lang='lat' dir='ltr'>ecclesie</span> <span class='ocrx_word' id='word_1_139' title='bbox 1616 1394 1963 1458; x_wconf 81' lang='lat' dir='ltr'>nostrorumque</span> <span class='ocrx_word' id='word_1_140' title='bbox 1995 1392 2200 1435; x_wconf 74' lang='lat' dir='ltr'>sciliceta</span> 
     </span>
     <span class='ocr_line' id='line_1_20' title="bbox 343 1449 2203 1505; baseline 0.001 -13"><span class='ocrx_word' id='word_1_141' title='bbox 343 1450 621 1505; x_wconf 88' lang='lat' dir='ltr'>presentium</span> <span class='ocrx_word' id='word_1_142' title='bbox 654 1454 699 1492; x_wconf 90' lang='lat' dir='ltr'>et</span> <span class='ocrx_word' id='word_1_143' title='bbox 721 1449 979 1492; x_wconf 88' lang='lat' dir='ltr'>futurorum</span> <span class='ocrx_word' id='word_1_144' title='bbox 1011 1449 1246 1504; x_wconf 88' lang='lat' dir='ltr'>industria,</span> <span class='ocrx_word' id='word_1_145' title='bbox 1281 1450 1474 1505; x_wconf 88' lang='lat' dir='ltr'>qualiter</span> <span class='ocrx_word' id='word_1_146' title='bbox 1496 1464 1576 1492; x_wconf 91' lang='lat' dir='ltr'>nos</span> <span class='ocrx_word' id='word_1_147' title='bbox 1606 1464 1689 1505; x_wconf 92' lang='lat' dir='ltr'>pro</span> <span class='ocrx_word' id='word_1_148' title='bbox 1721 1450 1990 1492; x_wconf 85' lang='lat' dir='ltr'>serenissimi</span> <span class='ocrx_word' id='word_1_149' title='bbox 2011 1451 2203 1505; x_wconf 86' lang='lat' dir='ltr'>impera-</span> 
     </span>
     <span class='ocr_line' id='line_1_21' title="bbox 344 1508 2205 1564; baseline 0.001 -13"><span class='ocrx_word' id='word_1_150' title='bbox 344 1508 455 1551; x_wconf 88' lang='lat' dir='ltr'>toris</span> <span class='ocrx_word' id='word_1_151' title='bbox 489 1508 561 1552; x_wconf 85' lang='lat' dir='ltr'>avi</span> <span class='ocrx_word' id='word_1_152' title='bbox 592 1510 734 1551; x_wconf 84' lang='lat' dir='ltr'>nostri</span> <span class='ocrx_word' id='word_1_153' title='bbox 766 1508 929 1551; x_wconf 82' lang='lat' dir='ltr'>Karoli</span> <span class='ocrx_word' id='word_1_154' title='bbox 963 1512 1007 1551; x_wconf 91' lang='lat' dir='ltr'>et</span> <span class='ocrx_word' id='word_1_155' title='bbox 1037 1509 1383 1564; x_wconf 85' lang='lat' dir='ltr'>prestantissimi</span> <span class='ocrx_word' id='word_1_156' title='bbox 1414 1509 1670 1552; x_wconf 78' lang='lat' dir='ltr'>Lodowici</span> <span class='ocrx_word' id='word_1_157' title='bbox 1713 1509 1893 1564; x_wconf 83' lang='lat' dir='ltr'>augusti</span> <span class='ocrx_word' id='word_1_158' title='bbox 1929 1509 2122 1551; x_wconf 90' lang='lat' dir='ltr'>domini</span> <span class='ocrx_word' id='word_1_159' title='bbox 2154 1523 2205 1553; x_wconf 87' lang='lat' dir='ltr'>ac</span> 
     </span>
     <span class='ocr_line' id='line_1_22' title="bbox 347 1568 2280 1635; baseline 0.001 -24"><span class='ocrx_word' id='word_1_160' title='bbox 347 1568 564 1635; x_wconf 80' lang='lat' dir='ltr'>genitoris</span> <span class='ocrx_word' id='word_1_161' title='bbox 596 1569 740 1610; x_wconf 88' lang='lat' dir='ltr'>nostri</span> <span class='ocrx_word' id='word_1_162' title='bbox 771 1582 948 1611; x_wconf 87' lang='lat' dir='ltr'>necnon</span> <span class='ocrx_word' id='word_1_163' title='bbox 982 1571 1026 1611; x_wconf 97' lang='grc'>01</span> <span class='ocrx_word' id='word_1_164' title='bbox 1057 1571 1210 1611; x_wconf 87' lang='lat' dir='ltr'>nostra</span> <span class='ocrx_word' id='word_1_165' title='bbox 1242 1568 1518 1623; x_wconf 87' lang='lat' dir='ltr'>sempiterna</span> <span class='ocrx_word' id='word_1_166' title='bbox 1538 1568 1904 1611; x_wconf 87' lang='lat' dir='ltr'>remuneratione</span> <span class='ocrx_word' id='word_1_167' title='bbox 1926 1582 1977 1611; x_wconf 90' lang='lat' dir='ltr'>ac</span> <span class='ocrx_word' id='word_1_168' title='bbox 1997 1582 2080 1623; x_wconf 89' lang='lat' dir='ltr'>pro</span> <span class='ocrx_word' id='word_1_169' title='bbox 2103 1582 2206 1611; x_wconf 90' lang='lat' dir='ltr'>con·</span> <span class='ocrx_word' id='word_1_170' title='bbox 2238 1584 2280 1614; x_wconf 76' lang='lat'>20</span> 
     </span>
     <span class='ocr_line' id='line_1_23' title="bbox 345 1627 2206 1694; baseline 0.001 -25"><span class='ocrx_word' id='word_1_171' title='bbox 345 1628 462 1683; x_wconf 83' lang='lat' dir='ltr'>iugis</span> <span class='ocrx_word' id='word_1_172' title='bbox 517 1627 745 1682; x_wconf 88' lang='lat' dir='ltr'>prolisque</span> <span class='ocrx_word' id='word_1_173' title='bbox 799 1630 952 1669; x_wconf 88' lang='lat' dir='ltr'>nostre</span> <span class='ocrx_word' id='word_1_174' title='bbox 1000 1627 1228 1670; x_wconf 86' lang='lat' dir='ltr'>carissime</span> <span class='ocrx_word' id='word_1_175' title='bbox 1269 1632 1491 1694; x_wconf 88' lang='lat' dir='ltr'>perpetua</span> <span class='ocrx_word' id='word_1_176' title='bbox 1538 1627 1746 1670; x_wconf 86' lang='lat' dir='ltr'>mercede</span> <span class='ocrx_word' id='word_1_177' title='bbox 1793 1627 1958 1670; x_wconf 89' lang='lat' dir='ltr'>curtim</span> <span class='ocrx_word' id='word_1_178' title='bbox 2004 1631 2206 1670; x_wconf 88' lang='lat' dir='ltr'>nostram</span> 
     </span>
     <span class='ocr_line' id='line_1_24' title="bbox 348 1684 2205 1753; baseline -0.001 -24"><span class='ocrx_word' id='word_1_179' title='bbox 348 1686 635 1742; x_wconf 86' lang='lat' dir='ltr'>Thuregum</span> <span class='ocrx_word' id='word_1_180' title='bbox 666 1686 712 1728; x_wconf 90' lang='lat' dir='ltr'>in</span> <span class='ocrx_word' id='word_1_181' title='bbox 746 1685 912 1728; x_wconf 88' lang='lat' dir='ltr'>ducatu</span> <span class='ocrx_word' id='word_1_182' title='bbox 944 1686 1246 1729; x_wconf 88' lang='lat' dir='ltr'>Alamannico</span> <span class='ocrx_word' id='word_1_183' title='bbox 1286 1687 1332 1729; x_wconf 91' lang='lat' dir='ltr'>in</span> <span class='ocrx_word' id='word_1_184' title='bbox 1364 1700 1483 1753; x_wconf 80' lang='lat' dir='ltr'>pago</span> <span class='ocrx_word' id='word_1_185' title='bbox 1517 1684 1884 1743; x_wconf 80' lang='lat' dir='ltr'>Turgaugenseb</span> <span class='ocrx_word' id='word_1_186' title='bbox 1926 1700 2029 1729; x_wconf 89' lang='lat' dir='ltr'>cum</span> <span class='ocrx_word' id='word_1_187' title='bbox 2062 1687 2205 1729; x_wconf 91' lang='lat' dir='ltr'>omni-</span> 
     </span>
     <span class='ocr_line' id='line_1_25' title="bbox 347 1744 2206 1800; baseline -0.001 -11"><span class='ocrx_word' id='word_1_188' title='bbox 347 1747 430 1789; x_wconf 90' lang='lat' dir='ltr'>bus</span> <span class='ocrx_word' id='word_1_189' title='bbox 463 1745 726 1788; x_wconf 89' lang='lat' dir='ltr'>adiacentiis</span> <span class='ocrx_word' id='word_1_190' title='bbox 755 1745 828 1788; x_wconf 83' lang='lat' dir='ltr'>vel</span> <span class='ocrx_word' id='word_1_191' title='bbox 861 1745 1136 1800; x_wconf 89' lang='lat' dir='ltr'>aspicientiis</span> <span class='ocrx_word' id='word_1_192' title='bbox 1169 1746 1263 1788; x_wconf 89' lang='lat' dir='ltr'>eius</span> <span class='ocrx_word' id='word_1_193' title='bbox 1294 1759 1373 1788; x_wconf 89' lang='lat' dir='ltr'>seu</span> <span class='ocrx_word' id='word_1_194' title='bbox 1403 1746 1451 1788; x_wconf 90' lang='lat' dir='ltr'>in</span> <span class='ocrx_word' id='word_1_195' title='bbox 1483 1745 1670 1788; x_wconf 85' lang='lat' dir='ltr'>diversis</span> <span class='ocrx_word' id='word_1_196' title='bbox 1701 1744 2022 1799; x_wconf 88' lang='lat' dir='ltr'>functionibus,</span> <span class='ocrx_word' id='word_1_197' title='bbox 2060 1745 2106 1787; x_wconf 92' lang='lat' dir='ltr'>id</span> <span class='ocrx_word' id='word_1_198' title='bbox 2139 1749 2206 1788; x_wconf 89' lang='lat' dir='ltr'>est</span> 
     </span>
     <span class='ocr_line' id='line_1_26' title="bbox 348 1803 2206 1861; baseline 0.001 -15"><span class='ocrx_word' id='word_1_199' title='bbox 348 1804 581 1861; x_wconf 88' lang='lat' dir='ltr'>pagellum</span> <span class='ocrx_word' id='word_1_200' title='bbox 612 1804 836 1847; x_wconf 77' lang='lat' dir='ltr'>UranieC</span> <span class='ocrx_word' id='word_1_201' title='bbox 878 1818 982 1846; x_wconf 90' lang='lat' dir='ltr'>cum</span> <span class='ocrx_word' id='word_1_202' title='bbox 1015 1803 1226 1859; x_wconf 89' lang='lat' dir='ltr'>ecclesiis,</span> <span class='ocrx_word' id='word_1_203' title='bbox 1270 1804 1480 1847; x_wconf 86' lang='lat' dir='ltr'>domibus</span> <span class='ocrx_word' id='word_1_204' title='bbox 1512 1805 1761 1859; x_wconf 86' lang='lat' dir='ltr'>ceterisque</span> <span class='ocrx_word' id='word_1_205' title='bbox 1793 1803 1981 1847; x_wconf 90' lang='lat' dir='ltr'>edificiis</span> <span class='ocrx_word' id='word_1_206' title='bbox 2014 1804 2206 1859; x_wconf 88' lang='lat' dir='ltr'>desuper</span> 
     </span>
     <span class='ocr_line' id='line_1_27' title="bbox 347 1863 2279 1919; baseline 0.002 -13"><span class='ocrx_word' id='word_1_207' title='bbox 347 1864 525 1919; x_wconf 89' lang='lat' dir='ltr'>positis,</span> <span class='ocrx_word' id='word_1_208' title='bbox 568 1863 805 1919; x_wconf 89' lang='lat' dir='ltr'>mancipiis</span> <span class='ocrx_word' id='word_1_209' title='bbox 844 1863 1077 1919; x_wconf 88' lang='lat' dir='ltr'>utriusque</span> <span class='ocrx_word' id='word_1_210' title='bbox 1116 1878 1246 1907; x_wconf 74' lang='lat' dir='ltr'>sexus</span> <span class='ocrx_word' id='word_1_211' title='bbox 1290 1867 1335 1906; x_wconf 88' lang='lat' dir='ltr'>et-</span> <span class='ocrx_word' id='word_1_212' title='bbox 1379 1864 1528 1918; x_wconf 89' lang='lat' dir='ltr'>etatis,</span> <span class='ocrx_word' id='word_1_213' title='bbox 1573 1864 1705 1906; x_wconf 90' lang='lat' dir='ltr'>terris</span> <span class='ocrx_word' id='word_1_214' title='bbox 1749 1863 1879 1906; x_wconf 90' lang='lat' dir='ltr'>cultis</span> <span class='ocrx_word' id='word_1_215' title='bbox 1923 1866 1968 1906; x_wconf 85' lang='lat' dir='ltr'>et</span> <span class='ocrx_word' id='word_1_216' title='bbox 2010 1863 2204 1918; x_wconf 88' lang='lat' dir='ltr'>incultis,</span> <span class='ocrx_word' id='word_1_217' title='bbox 2238 1878 2279 1909; x_wconf 80' lang='lat'>25</span> 
     </span>
     <span class='ocr_line' id='line_1_28' title="bbox 347 1922 2204 1978; baseline 0 -13"><span class='ocrx_word' id='word_1_218' title='bbox 347 1923 481 1977; x_wconf 79' lang='lat' dir='ltr'>silvis,</span> <span class='ocrx_word' id='word_1_219' title='bbox 514 1922 668 1977; x_wconf 90' lang='lat' dir='ltr'>pratis,</span> <span class='ocrx_word' id='word_1_220' title='bbox 701 1922 891 1978; x_wconf 79' lang='lat' dir='ltr'>pascuis,</span> <span class='ocrx_word' id='word_1_221' title='bbox 926 1922 1051 1977; x_wconf 90' lang='lat' dir='ltr'>aquis</span> <span class='ocrx_word' id='word_1_222' title='bbox 1090 1936 1365 1977; x_wconf 85' lang='lat' dir='ltr'>aquarumve</span> <span class='ocrx_word' id='word_1_223' title='bbox 1403 1922 1676 1978; x_wconf 87' lang='lat' dir='ltr'>decursibus,</span> <span class='ocrx_word' id='word_1_224' title='bbox 1715 1922 1992 1977; x_wconf 89' lang='lat' dir='ltr'>adiacentiis,</span> <span class='ocrx_word' id='word_1_225' title='bbox 2024 1922 2204 1977; x_wconf 84' lang='lat' dir='ltr'>perviis,</span> 
     </span>
     <span class='ocr_line' id='line_1_29' title="bbox 347 1986 2202 2052; baseline -0.002 -12"><span class='ocrx_word' id='word_1_226' title='bbox 347 1997 540 2040; x_wconf 81' lang='lat' dir='ltr'>exitibus</span> <span class='ocrx_word' id='word_1_227' title='bbox 585 2000 629 2039; x_wconf 91' lang='lat' dir='ltr'>et</span> <span class='ocrx_word' id='word_1_228' title='bbox 671 1996 968 2052; x_wconf 86' lang='lat' dir='ltr'>regressibus,</span> <span class='ocrx_word' id='word_1_229' title='bbox 1012 1997 1196 2051; x_wconf 87' lang='lat' dir='ltr'>quesitis</span> <span class='ocrx_word' id='word_1_230' title='bbox 1239 1999 1283 2040; x_wconf 88' lang='lat' dir='ltr'>et</span> <span class='ocrx_word' id='word_1_231' title='bbox 1315 1995 1613 2051; x_wconf 88' lang='lat' dir='ltr'>inquirendis,</span> <span class='ocrx_word' id='word_1_232' title='bbox 1658 1986 1907 2047; x_wconf 82' lang='lat' dir='ltr'>teloneo,</span> <span class='ocrx_word' id='word_1_233' title='bbox 1961 1989 2202 2049; x_wconf 78' lang='lat' dir='ltr'>moneta,</span> 
     </span>
     <span class='ocr_line' id='line_1_30' title="bbox 347 2054 2205 2110; baseline -0.001 -11"><span class='ocrx_word' id='word_1_234' title='bbox 347 2070 448 2099; x_wconf 89' lang='lat' dir='ltr'>cum</span> <span class='ocrx_word' id='word_1_235' title='bbox 480 2056 699 2098; x_wconf 86' lang='lat' dir='ltr'>universis</span> <span class='ocrx_word' id='word_1_236' title='bbox 731 2055 938 2098; x_wconf 90' lang='lat' dir='ltr'>censibus</span> <span class='ocrx_word' id='word_1_237' title='bbox 966 2058 1011 2098; x_wconf 90' lang='lat' dir='ltr'>et</span> <span class='ocrx_word' id='word_1_238' title='bbox 1034 2056 1219 2099; x_wconf 88' lang='lat' dir='ltr'>diversis</span> <span class='ocrx_word' id='word_1_239' title='bbox 1240 2055 1601 2109; x_wconf 90' lang='lat' dir='ltr'>redibitionibus,</span> <span class='ocrx_word' id='word_1_240' title='bbox 1628 2055 1811 2110; x_wconf 89' lang='lat' dir='ltr'>insuper</span> <span class='ocrx_word' id='word_1_241' title='bbox 1833 2055 1969 2097; x_wconf 89' lang='lat' dir='ltr'>etiam</span> <span class='ocrx_word' id='word_1_242' title='bbox 1991 2054 2205 2098; x_wconf 87' lang='lat' dir='ltr'>forestem</span> 
     </span>
     <span class='ocr_line' id='line_1_31' title="bbox 345 2113 2205 2170; baseline 0 -13"><span class='ocrx_word' id='word_1_243' title='bbox 345 2119 550 2158; x_wconf 87' lang='lat' dir='ltr'>nostrum</span> <span class='ocrx_word' id='word_1_244' title='bbox 582 2114 713 2158; x_wconf 88' lang='lat' dir='ltr'>Albis</span> <span class='ocrx_word' id='word_1_245' title='bbox 743 2114 927 2157; x_wconf 90' lang='lat' dir='ltr'>nomine</span> <span class='ocrx_word' id='word_1_246' title='bbox 960 2118 1004 2157; x_wconf 91' lang='lat' dir='ltr'>et</span> <span class='ocrx_word' id='word_1_247' title='bbox 1036 2115 1249 2170; x_wconf 90' lang='lat' dir='ltr'>quicquid</span> <span class='ocrx_word' id='word_1_248' title='bbox 1291 2115 1338 2156; x_wconf 90' lang='lat' dir='ltr'>in</span> <span class='ocrx_word' id='word_1_249' title='bbox 1370 2114 1539 2157; x_wconf 90' lang='lat' dir='ltr'>eisdem</span> <span class='ocrx_word' id='word_1_250' title='bbox 1581 2115 1692 2157; x_wconf 88' lang='lat' dir='ltr'>locis</span> <span class='ocrx_word' id='word_1_251' title='bbox 1734 2114 1877 2156; x_wconf 88' lang='lat' dir='ltr'>nostri</span> <span class='ocrx_word' id='word_1_252' title='bbox 1918 2113 2026 2156; x_wconf 91' lang='lat' dir='ltr'>iuris</span> <span class='ocrx_word' id='word_1_253' title='bbox 2071 2117 2205 2169; x_wconf 90' lang='lat' dir='ltr'>atque</span> 
     </span>
     <span class='ocr_line' id='line_1_32' title="bbox 345 2172 2279 2229; baseline 0.002 -13"><span class='ocrx_word' id='word_1_254' title='bbox 345 2174 635 2229; x_wconf 86' lang='lat' dir='ltr'>possessionis</span> <span class='ocrx_word' id='word_1_255' title='bbox 665 2174 712 2215; x_wconf 89' lang='lat' dir='ltr'>in</span> <span class='ocrx_word' id='word_1_256' title='bbox 744 2187 792 2216; x_wconf 90' lang='lat' dir='ltr'>re</span> <span class='ocrx_word' id='word_1_257' title='bbox 826 2172 925 2216; x_wconf 79' lang='lat' dir='ltr'>estd</span> <span class='ocrx_word' id='word_1_258' title='bbox 962 2174 1256 2229; x_wconf 84' lang='lat' dir='ltr'>proprietatis</span> <span class='ocrx_word' id='word_1_259' title='bbox 1290 2178 1333 2216; x_wconf 87' lang='grc'>01</span> <span class='ocrx_word' id='word_1_260' title='bbox 1356 2173 1413 2216; x_wconf 88' lang='lat' dir='ltr'>ad</span> <span class='ocrx_word' id='word_1_261' title='bbox 1434 2177 1638 2216; x_wconf 89' lang='lat' dir='ltr'>nostrum</span> <span class='ocrx_word' id='word_1_262' title='bbox 1662 2187 1773 2228; x_wconf 89' lang='lat' dir='ltr'>opus</span> <span class='ocrx_word' id='word_1_263' title='bbox 1793 2173 1979 2215; x_wconf 90' lang='lat' dir='ltr'>instanti</span> <span class='ocrx_word' id='word_1_264' title='bbox 1999 2177 2206 2229; x_wconf 85' lang='lat' dir='ltr'>tempore</span> <span class='ocrx_word' id='word_1_265' title='bbox 2237 2189 2279 2219; x_wconf 78' lang='lat'>30</span> 
     </span>
     <span class='ocr_line' id='line_1_33' title="bbox 344 2231 2205 2289; baseline -0.001 -14"><span class='ocrx_word' id='word_1_266' title='bbox 344 2232 574 2288; x_wconf 88' lang='lat' dir='ltr'>pertinere</span> <span class='ocrx_word' id='word_1_267' title='bbox 615 2232 807 2286; x_wconf 81' lang='lat' dir='ltr'>videtur,</span> <span class='ocrx_word' id='word_1_268' title='bbox 849 2235 998 2275; x_wconf 88' lang='lat' dir='ltr'>totum</span> <span class='ocrx_word' id='word_1_269' title='bbox 1041 2236 1087 2275; x_wconf 90' lang='lat' dir='ltr'>et</span> <span class='ocrx_word' id='word_1_270' title='bbox 1124 2233 1354 2289; x_wconf 80' lang='lat' dir='ltr'>integrum</span> <span class='ocrx_word' id='word_1_271' title='bbox 1387 2233 1443 2275; x_wconf 89' lang='lat' dir='ltr'>ad</span> <span class='ocrx_word' id='word_1_272' title='bbox 1474 2232 1800 2275; x_wconf 85' lang='lat' dir='ltr'>monasterium</span> <span class='ocrx_word' id='word_1_273' title='bbox 1831 2234 2035 2274; x_wconf 89' lang='lat' dir='ltr'>nostrum</span> <span class='ocrx_word' id='word_1_274' title='bbox 2067 2231 2205 2275; x_wconf 81' lang='lat' dir='ltr'>tradi-</span> 
     </span>
     <span class='ocr_line' id='line_1_34' title="bbox 345 2290 2204 2347; baseline -0.001 -13"><span class='ocrx_word' id='word_1_275' title='bbox 345 2300 497 2343; x_wconf 67' lang='lat' dir='ltr'>musss,</span> <span class='ocrx_word' id='word_1_276' title='bbox 542 2291 622 2334; x_wconf 91' lang='lat' dir='ltr'>ubi</span> <span class='ocrx_word' id='word_1_277' title='bbox 662 2295 841 2334; x_wconf 89' lang='lat' dir='ltr'>sanctus</span> <span class='ocrx_word' id='word_1_278' title='bbox 876 2291 1008 2334; x_wconf 82' lang='lat' dir='ltr'>Felix</span> <span class='ocrx_word' id='word_1_279' title='bbox 1052 2294 1096 2334; x_wconf 87' lang='lat' dir='ltr'>et</span> <span class='ocrx_word' id='word_1_280' title='bbox 1139 2295 1291 2335; x_wconf 90' lang='lat' dir='ltr'>sancta</span> <span class='ocrx_word' id='word_1_281' title='bbox 1323 2291 1502 2347; x_wconf 84' lang='lat' dir='ltr'>Regula</span> <span class='ocrx_word' id='word_1_282' title='bbox 1544 2291 1751 2335; x_wconf 86' lang='lat' dir='ltr'>martires</span> <span class='ocrx_word' id='word_1_283' title='bbox 1784 2290 1952 2333; x_wconf 85' lang='lat' dir='ltr'>Christi</span> <span class='ocrx_word' id='word_1_284' title='bbox 1986 2291 2204 2345; x_wconf 87' lang='lat' dir='ltr'>requies-</span> 
     </span>
     <span class='ocr_line' id='line_1_35' title="bbox 346 2349 2203 2407; baseline -0.001 -14"><span class='ocrx_word' id='word_1_285' title='bbox 346 2350 505 2404; x_wconf 89' lang='lat' dir='ltr'>cuntf,</span> <span class='ocrx_word' id='word_1_286' title='bbox 540 2350 694 2405; x_wconf 73' lang='lat' dir='ltr'>quodg</span> <span class='ocrx_word' id='word_1_287' title='bbox 732 2351 869 2393; x_wconf 86' lang='lat' dir='ltr'>situm</span> <span class='ocrx_word' id='word_1_288' title='bbox 912 2354 978 2393; x_wconf 87' lang='lat' dir='ltr'>est</span> <span class='ocrx_word' id='word_1_289' title='bbox 1020 2352 1067 2393; x_wconf 90' lang='lat' dir='ltr'>in</span> <span class='ocrx_word' id='word_1_290' title='bbox 1099 2351 1259 2394; x_wconf 89' lang='lat' dir='ltr'>eodem</span> <span class='ocrx_word' id='word_1_291' title='bbox 1291 2350 1391 2394; x_wconf 91' lang='lat' dir='ltr'>vico</span> <span class='ocrx_word' id='word_1_292' title='bbox 1426 2350 1684 2407; x_wconf 87' lang='lat' dir='ltr'>Thurego.</span> <span class='ocrx_word' id='word_1_293' title='bbox 1748 2349 1881 2406; x_wconf 79' lang='lat' dir='ltr'>Quod</span> <span class='ocrx_word' id='word_1_294' title='bbox 1911 2349 2120 2393; x_wconf 88' lang='lat' dir='ltr'>videlicet</span> <span class='ocrx_word' id='word_1_295' title='bbox 2152 2364 2203 2393; x_wconf 92' lang='lat' dir='ltr'>eo</span> 
     </span>
     <span class='ocr_line' id='line_1_36' title="bbox 345 2409 2204 2466; baseline -0.001 -14"><span class='ocrx_word' id='word_1_296' title='bbox 345 2410 531 2452; x_wconf 81' lang='lat' dir='ltr'>rationis</span> <span class='ocrx_word' id='word_1_297' title='bbox 573 2412 731 2453; x_wconf 89' lang='lat' dir='ltr'>tenore</span> <span class='ocrx_word' id='word_1_298' title='bbox 774 2410 1049 2465; x_wconf 88' lang='lat' dir='ltr'>complacuit</span> <span class='ocrx_word' id='word_1_299' title='bbox 1089 2410 1220 2454; x_wconf 92' lang='lat' dir='ltr'>nobis</span> <span class='ocrx_word' id='word_1_300' title='bbox 1264 2410 1502 2466; x_wconf 86' lang='lat' dir='ltr'>agendum,</span> <span class='ocrx_word' id='word_1_301' title='bbox 1546 2413 1597 2452; x_wconf 92' lang='lat' dir='ltr'>ut</span> <span class='ocrx_word' id='word_1_302' title='bbox 1641 2409 1851 2464; x_wconf 86' lang='lat' dir='ltr'>deinceps</span> <span class='ocrx_word' id='word_1_303' title='bbox 1893 2409 1940 2450; x_wconf 87' lang='lat' dir='ltr'>in</span> <span class='ocrx_word' id='word_1_304' title='bbox 1970 2412 2204 2464; x_wconf 82' lang='lat' dir='ltr'>posterum</span> 
     </span>
    </p>
   </div>
   <div class='ocr_carea' id='block_1_5' title="bbox 345 2473 2278 2715">
    <p class='ocr_par' dir='ltr' id='par_1_6' title="bbox 345 2473 2278 2715">
     <span class='ocr_line' id='line_1_37' title="bbox 346 2473 2278 2538; baseline -0.001 -14"><span class='ocrx_word' id='word_1_305' title='bbox 346 2483 514 2526; x_wconf 83' lang='lat' dir='ltr'>ibidem</span> <span class='ocrx_word' id='word_1_306' title='bbox 562 2483 686 2526; x_wconf 89' lang='lat' dir='ltr'>omni</span> <span class='ocrx_word' id='word_1_307' title='bbox 731 2486 938 2538; x_wconf 86' lang='lat' dir='ltr'>tempore</span> <span class='ocrx_word' id='word_1_308' title='bbox 983 2483 1394 2526; x_wconf 88' lang='lat' dir='ltr'>sanctimonialium</span> <span class='ocrx_word' id='word_1_309' title='bbox 1437 2473 1754 2524; x_wconf 76' lang='lat' dir='ltr'>nobilium²</span> <span class='ocrx_word' id='word_1_310' title='bbox 1802 2481 2074 2524; x_wconf 86' lang='lat' dir='ltr'>feminarum</span> <span class='ocrx_word' id='word_1_311' title='bbox 2120 2481 2202 2524; x_wconf 90' lang='lat' dir='ltr'>sub</span> <span class='ocrx_word' id='word_1_312' title='bbox 2237 2497 2278 2528; x_wconf 74' lang='lat'>35</span> 
     </span>
     <span class='ocr_line' id='line_1_38' title="bbox 345 2539 2203 2598; baseline -0.001 -14"><span class='ocrx_word' id='word_1_313' title='bbox 345 2542 542 2598; x_wconf 87' lang='lat' dir='ltr'>regulari</span> <span class='ocrx_word' id='word_1_314' title='bbox 571 2556 732 2584; x_wconf 88' lang='lat' dir='ltr'>norma</span> <span class='ocrx_word' id='word_1_315' title='bbox 765 2542 1027 2598; x_wconf 86' lang='lat' dir='ltr'>degentium</span> <span class='ocrx_word' id='word_1_316' title='bbox 1057 2542 1152 2585; x_wconf 83' lang='lat' dir='ltr'>vita</span> <span class='ocrx_word' id='word_1_317' title='bbox 1184 2542 1552 2597; x_wconf 88' lang='lat' dir='ltr'>conversatioque</span> <span class='ocrx_word' id='word_1_318' title='bbox 1580 2541 1907 2584; x_wconf 89' lang='lat' dir='ltr'>monasterialis</span> <span class='ocrx_word' id='word_1_319' title='bbox 1938 2539 2203 2584; x_wconf 74' lang='lat' dir='ltr'>monachico</span> 
     </span>
     <span class='ocr_line' id='line_1_39' title="bbox 346 2600 2204 2655; baseline -0.001 -13"><span class='ocrx_word' id='word_1_320' title='bbox 346 2602 470 2643; x_wconf 82' lang='lat' dir='ltr'>cultu</span> <span class='ocrx_word' id='word_1_321' title='bbox 501 2601 707 2644; x_wconf 86' lang='lat' dir='ltr'>instituta</span> <span class='ocrx_word' id='word_1_322' title='bbox 739 2602 992 2644; x_wconf 86' lang='lat' dir='ltr'>celebretur</span> <span class='ocrx_word' id='word_1_323' title='bbox 1024 2604 1069 2644; x_wconf 89' lang='lat' dir='ltr'>et</span> <span class='ocrx_word' id='word_1_324' title='bbox 1100 2601 1314 2644; x_wconf 90' lang='lat' dir='ltr'>libentius</span> <span class='ocrx_word' id='word_1_325' title='bbox 1345 2605 1534 2655; x_wconf 87' lang='lat' dir='ltr'>propter</span> <span class='ocrx_word' id='word_1_326' title='bbox 1564 2600 1696 2643; x_wconf 91' lang='lat' dir='ltr'>huius</span> <span class='ocrx_word' id='word_1_327' title='bbox 1728 2600 1815 2643; x_wconf 92' lang='lat' dir='ltr'>loci</span> <span class='ocrx_word' id='word_1_328' title='bbox 1837 2600 2204 2654; x_wconf 88' lang='lat' dir='ltr'>supplementum</span> 
     </span>
     <span class='ocr_line' id='line_1_40' title="bbox 348 2657 2205 2715; baseline -0.001 -13"><span class='ocrx_word' id='word_1_329' title='bbox 348 2674 372 2701; x_wconf 86' lang='lat' dir='ltr'>a</span> <span class='ocrx_word' id='word_1_330' title='bbox 403 2660 532 2702; x_wconf 90' lang='lat' dir='ltr'>nobis</span> <span class='ocrx_word' id='word_1_331' title='bbox 565 2660 655 2702; x_wconf 87' lang='lat' dir='ltr'>iam</span> <span class='ocrx_word' id='word_1_332' title='bbox 687 2660 902 2715; x_wconf 87' lang='lat' dir='ltr'>predictis</span> <span class='ocrx_word' id='word_1_333' title='bbox 944 2659 1205 2702; x_wconf 90' lang='lat' dir='ltr'>martiribus</span> <span class='ocrx_word' id='word_1_334' title='bbox 1238 2659 1378 2702; x_wconf 90' lang='lat' dir='ltr'>dediti</span> <span class='ocrx_word' id='word_1_335' title='bbox 1410 2659 1494 2702; x_wconf 90' lang='lat' dir='ltr'>Dei</span> <span class='ocrx_word' id='word_1_336' title='bbox 1535 2659 1778 2702; x_wconf 86' lang='lat' dir='ltr'>famulatus</span> <span class='ocrx_word' id='word_1_337' title='bbox 1810 2659 1902 2701; x_wconf 92' lang='lat' dir='ltr'>illic</span> <span class='ocrx_word' id='word_1_338' title='bbox 1937 2657 2205 2702; x_wconf 83' lang='lat' dir='ltr'>exhibeatur</span> 
     </span>
    </p>
   </div>
   <div class='ocr_carea' id='block_1_6' title="bbox 349 2805 2278 2933">
    <p class='ocr_par' dir='ltr' id='par_1_7' title="bbox 349 2805 2278 2933">
     <span class='ocr_line' id='line_1_41' title="bbox 525 2805 2198 2847; baseline -0.001 -10"><span class='ocrx_word' id='word_1_339' title='bbox 525 2807 562 2847; x_wconf 82' lang='lat' dir='ltr'>a)</span> <span class='ocrx_word' id='word_1_340' title='bbox 593 2817 715 2846; x_wconf 82' lang='lat' dir='ltr'>praes.</span> <span class='ocrx_word' id='word_1_341' title='bbox 742 2809 821 2839; x_wconf 85' lang='lat' dir='ltr'>scil.</span> <span class='ocrx_word' id='word_1_342' title='bbox 853 2808 926 2837; x_wconf 63' lang='lat' dir='ltr'>KB.</span> <span class='ocrx_word' id='word_1_343' title='bbox 1020 2807 1057 2845; x_wconf 89' lang='lat' dir='ltr'>b)</span> <span class='ocrx_word' id='word_1_344' title='bbox 1082 2808 1199 2846; x_wconf 84' lang='lat' dir='ltr'>Durg.</span> <span class='ocrx_word' id='word_1_345' title='bbox 1232 2807 1305 2836; x_wconf 72' lang='lat' dir='ltr'>CB.</span> <span class='ocrx_word' id='word_1_346' title='bbox 1400 2807 1431 2846; x_wconf 88' lang='lat' dir='ltr'>c)</span> <span class='ocrx_word' id='word_1_347' title='bbox 1458 2807 1619 2838; x_wconf 70' lang='lat' dir='ltr'>Croniae</span> <span class='ocrx_word' id='word_1_348' title='bbox 1650 2807 1721 2838; x_wconf 74' lang='lat' dir='ltr'>CB.</span> <span class='ocrx_word' id='word_1_349' title='bbox 1816 2805 1853 2846; x_wconf 91' lang='lat' dir='ltr'>d)</span> <span class='ocrx_word' id='word_1_350' title='bbox 1887 2815 2012 2846; x_wconf 77' lang='lat' dir='ltr'>propr,</span> <span class='ocrx_word' id='word_1_351' title='bbox 2040 2810 2097 2838; x_wconf 76' lang='lat' dir='ltr'>est</span> <span class='ocrx_word' id='word_1_352' title='bbox 2127 2806 2198 2837; x_wconf 71' lang='lat' dir='ltr'>CB.</span> 
     </span>
     <span class='ocr_line' id='line_1_42' title="bbox 349 2849 2278 2891; baseline -0.001 -11"><span class='ocrx_word' id='word_1_353' title='bbox 349 2856 382 2889; x_wconf 76' lang='lat' dir='ltr'>e)</span> <span class='ocrx_word' id='word_1_354' title='bbox 406 2860 499 2889; x_wconf 63' lang='lat' dir='ltr'>sequ.</span> <span class='ocrx_word' id='word_1_355' title='bbox 527 2850 873 2891; x_wconf 82' lang='lat' dir='ltr'>quod—Turegum</span> <span class='ocrx_word' id='word_1_356' title='bbox 899 2852 1016 2889; x_wconf 75' lang='lat' dir='ltr'>(infra</span> <span class='ocrx_word' id='word_1_357' title='bbox 1041 2852 1065 2884; x_wconf 82' lang='lat' dir='ltr'>l.</span> <span class='ocrx_word' id='word_1_358' title='bbox 1092 2851 1152 2889; x_wconf 84' lang='lat'>33)</span> <span class='ocrx_word' id='word_1_359' title='bbox 1182 2851 1253 2882; x_wconf 66' lang='grc' dir='ltr'>ΠΒ.</span> <span class='ocrx_word' id='word_1_360' title='bbox 1348 2852 1376 2889; x_wconf 82' lang='lat' dir='ltr'>f)</span> <span class='ocrx_word' id='word_1_361' title='bbox 1407 2860 1561 2890; x_wconf 85' lang='lat' dir='ltr'>corpore</span> <span class='ocrx_word' id='word_1_362' title='bbox 1594 2852 1787 2889; x_wconf 80' lang='lat' dir='ltr'>quieseunt</span> <span class='ocrx_word' id='word_1_363' title='bbox 1822 2851 1894 2881; x_wconf 49' lang='grc' dir='ltr'>[ΥΒ.</span> <span class='ocrx_word' id='word_1_364' title='bbox 1989 2850 2024 2891; x_wconf 87' lang='lat' dir='ltr'>g)</span> <span class='ocrx_word' id='word_1_365' title='bbox 2049 2849 2200 2890; x_wconf 79' lang='lat' dir='ltr'>quod—</span> <span class='ocrx_word' id='word_1_366' title='bbox 2235 2850 2278 2879; x_wconf 84' lang='lat'>40</span> 
     </span>
     <span class='ocr_line' id='line_1_43' title="bbox 349 2895 907 2933; baseline 0 -8"><span class='ocrx_word' id='word_1_367' title='bbox 349 2895 523 2933; x_wconf 81' lang='lat' dir='ltr'>Thurego</span> <span class='ocrx_word' id='word_1_368' title='bbox 548 2896 611 2925; x_wconf 78' lang='lat' dir='ltr'>hoc</span> <span class='ocrx_word' id='word_1_369' title='bbox 635 2896 709 2926; x_wconf 81' lang='lat' dir='ltr'>loco</span> <span class='ocrx_word' id='word_1_370' title='bbox 735 2905 802 2926; x_wconf 83' lang='lat' dir='ltr'>om.</span> <span class='ocrx_word' id='word_1_371' title='bbox 835 2896 907 2925; x_wconf 87' lang='lat' dir='ltr'>UB.</span> 
     </span>
    </p>
   </div>
   <div class='ocr_carea' id='block_1_7' title="bbox 349 3027 2276 3494">
    <p class='ocr_par' dir='ltr' id='par_1_8' title="bbox 349 3027 2276 3494">
     <span class='ocr_line' id='line_1_44' title="bbox 529 3027 2200 3081; baseline 0.001 -11"><span class='ocrx_word' id='word_1_372' title='bbox 529 3028 571 3080; x_wconf 88' lang='lat'>1&gt;</span> <span class='ocrx_word' id='word_1_373' title='bbox 624 3028 859 3080; x_wconf 70' lang='lat' dir='ltr'>De&#39;plomcc,</span> <span class='ocrx_word' id='word_1_374' title='bbox 912 3028 1037 3068; x_wconf 67' lang='lat' dir='ltr'>cuius</span> <span class='ocrx_word' id='word_1_375' title='bbox 1084 3027 1409 3081; x_wconf 68' lang='lat' dir='ltr'>autoyraphzcm</span> <span class='ocrx_word' id='word_1_376' title='bbox 1457 3032 1625 3080; x_wconf 74' lang='lat' dir='ltr'>eoestcct,</span> <span class='ocrx_word' id='word_1_377' title='bbox 1678 3029 1719 3072; x_wconf 81' lang='lat' dir='ltr'>d.</span> <span class='ocrx_word' id='word_1_378' title='bbox 1769 3029 1808 3071; x_wconf 79' lang='lat' dir='ltr'>d.</span> <span class='ocrx_word' id='word_1_379' title='bbox 1858 3030 1927 3071; x_wconf 73' lang='lat'>21.</span> <span class='ocrx_word' id='word_1_380' title='bbox 1965 3027 2052 3071; x_wconf 76' lang='lat' dir='ltr'><em>Iul.</em></span> <span class='ocrx_word' id='word_1_381' title='bbox 2101 3028 2200 3078; x_wconf 81' lang='lat'>853,</span> 
     </span>
     <span class='ocr_line' id='line_1_45' title="bbox 350 3085 2202 3139; baseline -0.001 -12"><span class='ocrx_word' id='word_1_382' title='bbox 350 3085 893 3137; x_wconf 38' lang='lat' dir='ltr'>Bahmer-Mzzlzslbaclzer,</span> <span class='ocrx_word' id='word_1_383' title='bbox 938 3088 1033 3127; x_wconf 67' lang='lat' dir='ltr'>‘Die</span> <span class='ocrx_word' id='word_1_384' title='bbox 1074 3086 1281 3139; x_wconf 68' lang='lat' dir='ltr'>Reyesten</span> <span class='ocrx_word' id='word_1_385' title='bbox 1324 3088 1397 3128; x_wconf 80' lang='lat' dir='ltr'>cles</span> <span class='ocrx_word' id='word_1_386' title='bbox 1429 3087 1736 3128; x_wconf 74' lang='lat' dir='ltr'>Kaiserrez‘clzs</span> <span class='ocrx_word' id='word_1_387' title='bbox 1775 3091 1906 3127; x_wconf 61' lang='lat' dir='ltr'>&lt;tenter</span> <span class='ocrx_word' id='word_1_388' title='bbox 1937 3087 2019 3127; x_wconf 74' lang='lat' dir='ltr'>den</span> <span class='ocrx_word' id='word_1_389' title='bbox 2050 3086 2202 3127; x_wconf 78' lang='lat' dir='ltr'>Karo-</span> 
     </span>
     <span class='ocr_line' id='line_1_46' title="bbox 349 3144 2204 3199; baseline 0 -14"><span class='ocrx_word' id='word_1_390' title='bbox 349 3144 557 3197; x_wconf 71' lang='lat' dir='ltr'>Zz&#39;nyern&#39;,</span> <span class='ocrx_word' id='word_1_391' title='bbox 591 3146 654 3188; x_wconf 79' lang='lat' dir='ltr'>ed.</span> <span class='ocrx_word' id='word_1_392' title='bbox 679 3148 717 3196; x_wconf 72' lang='lat'>2,</span> <span class='ocrx_word' id='word_1_393' title='bbox 752 3159 821 3188; x_wconf 69' lang='lat' dir='ltr'>nr.</span> <span class='ocrx_word' id='word_1_394' title='bbox 848 3147 982 3199; x_wconf 79' lang='lat'>14073</span> <span class='ocrx_word' id='word_1_395' title='bbox 1018 3146 1062 3188; x_wconf 89' lang='lat' dir='ltr'>J.</span> <span class='ocrx_word' id='word_1_396' title='bbox 1100 3145 1264 3187; x_wconf 75' lang='lat' dir='ltr'>Escher</span> <span class='ocrx_word' id='word_1_397' title='bbox 1295 3151 1333 3187; x_wconf 73' lang='lat' dir='ltr'>ez*</span> <span class='ocrx_word' id='word_1_398' title='bbox 1363 3145 1412 3190; x_wconf 89' lang='lat' dir='ltr'>P.</span> <span class='ocrx_word' id='word_1_399' title='bbox 1437 3146 1691 3198; x_wconf 73' lang='lat' dir='ltr'>Schweizer,</span> <span class='ocrx_word' id='word_1_400' title='bbox 1722 3145 1837 3188; x_wconf 71' lang='grc' dir='ltr'>ιΠΒ.</span> <span class='ocrx_word' id='word_1_401' title='bbox 1863 3146 1941 3186; x_wconf 72' lang='lat' dir='ltr'>deo·</span> <span class='ocrx_word' id='word_1_402' title='bbox 1961 3144 2092 3186; x_wconf 79' lang='lat' dir='ltr'>Stadz‘</span> <span class='ocrx_word' id='word_1_403' title='bbox 2114 3145 2204 3185; x_wconf 80' lang='lat' dir='ltr'>und</span> 
     </span>
     <span class='ocr_line' id='line_1_47' title="bbox 349 3203 2276 3258; baseline 0 -15"><span class='ocrx_word' id='word_1_404' title='bbox 349 3203 631 3255; x_wconf 73' lang='lat' dir='ltr'>Landschaft</span> <span class='ocrx_word' id='word_1_405' title='bbox 662 3204 851 3245; x_wconf 63' lang='lat' dir='ltr'>Zz&#39;Iriclz’</span> <span class='ocrx_word' id='word_1_406' title='bbox 884 3204 920 3256; x_wconf 91' lang='lat' dir='ltr'>I,</span> <span class='ocrx_word' id='word_1_407' title='bbox 954 3218 1024 3247; x_wconf 76' lang='lat' dir='ltr'>nr.</span> <span class='ocrx_word' id='word_1_408' title='bbox 1049 3206 1117 3256; x_wconf 77' lang='grc'>68,</span> <span class='ocrx_word' id='word_1_409' title='bbox 1144 3218 1190 3257; x_wconf 79' lang='lat' dir='ltr'>p.</span> <span class='ocrx_word' id='word_1_410' title='bbox 1216 3207 1271 3248; x_wconf 68' lang='lat'>*22</span> <span class='ocrx_word' id='word_1_411' title='bbox 1289 3219 1366 3258; x_wconf 63' lang='lat' dir='ltr'>sq„</span> <span class='ocrx_word' id='word_1_412' title='bbox 1401 3205 1513 3245; x_wconf 74' lang='lat' dir='ltr'>unde</span> <span class='ocrx_word' id='word_1_413' title='bbox 1540 3206 1714 3245; x_wconf 66' lang='lat' dir='ltr'>variam</span> <span class='ocrx_word' id='word_1_414' title='bbox 1737 3205 1954 3245; x_wconf 73' lang='lat' dir='ltr'>lectionem</span> <span class='ocrx_word' id='word_1_415' title='bbox 1974 3203 2056 3244; x_wconf 81' lang='lat' dir='ltr'>sub</span> <span class='ocrx_word' id='word_1_416' title='bbox 2077 3207 2204 3256; x_wconf 71' lang='lat' dir='ltr'>siyno</span> <span class='ocrx_word' id='word_1_417' title='bbox 2233 3212 2276 3243; x_wconf 83' lang='lat'>45</span> 
     </span>
     <span class='ocr_line' id='line_1_48' title="bbox 351 3262 2203 3317; baseline -0.001 -14"><span class='ocrx_word' id='word_1_418' title='bbox 351 3262 481 3306; x_wconf 57' lang='grc' dir='ltr'><em>(ΠΒ.)</em></span> <span class='ocrx_word' id='word_1_419' title='bbox 516 3263 849 3315; x_wconf 55' lang='lat' dir='ltr'>adscripsimus</span> <span class='ocrx_word' id='word_1_420' title='bbox 898 3263 1037 3305; x_wconf 80' lang='lat' dir='ltr'>Locos</span> <span class='ocrx_word' id='word_1_421' title='bbox 1067 3276 1147 3315; x_wconf 75' lang='lat' dir='ltr'>eOS,</span> <span class='ocrx_word' id='word_1_422' title='bbox 1181 3264 1340 3317; x_wconf 73' lang='lat' dir='ltr'>quibus</span> <span class='ocrx_word' id='word_1_423' title='bbox 1372 3263 1702 3317; x_wconf 73' lang='lat' dir='ltr'>autoyrapkum</span> <span class='ocrx_word' id='word_1_424' title='bbox 1724 3264 1773 3304; x_wconf 76' lang='lat' dir='ltr'>in</span> <span class='ocrx_word' id='word_1_425' title='bbox 1797 3263 2017 3304; x_wconf 73' lang='lat' dir='ltr'>Chronica</span> <span class='ocrx_word' id='word_1_426' title='bbox 2048 3266 2203 3302; x_wconf 77' lang='lat' dir='ltr'>nostra</span> 
     </span>
     <span class='ocr_line' id='line_1_49' title="bbox 349 3320 2201 3375; baseline 0.002 -14"><span class='ocrx_word' id='word_1_427' title='bbox 349 3322 666 3374; x_wconf 66' lang='lat' dir='ltr'>interpolatum</span> <span class='ocrx_word' id='word_1_428' title='bbox 716 3324 803 3375; x_wconf 78' lang='lat' dir='ltr'>est,</span> <span class='ocrx_word' id='word_1_429' title='bbox 856 3335 995 3375; x_wconf 74' lang='lat' dir='ltr'>supra</span> <span class='ocrx_word' id='word_1_430' title='bbox 1047 3323 1205 3364; x_wconf 76' lang='lat' dir='ltr'>litteris</span> <span class='ocrx_word' id='word_1_431' title='bbox 1256 3323 1502 3364; x_wconf 72' lang='lat' dir='ltr'>maioribus</span> <span class='ocrx_word' id='word_1_432' title='bbox 1551 3323 1856 3364; x_wconf 71' lang='lat' dir='ltr'>indicavimus.</span> <span class='ocrx_word' id='word_1_433' title='bbox 2037 3322 2079 3373; x_wconf 80' lang='lat'>2)</span> <span class='ocrx_word' id='word_1_434' title='bbox 2135 3320 2201 3371; x_wconf 83' lang='lat' dir='ltr'>Cf.</span> 
     </span>
     <span class='ocr_line' id='line_1_50' title="bbox 351 3378 2202 3432; baseline -0.001 -12"><span class='ocrx_word' id='word_1_435' title='bbox 351 3382 403 3423; x_wconf 80' lang='lat' dir='ltr'>A.</span> <span class='ocrx_word' id='word_1_436' title='bbox 438 3380 625 3432; x_wconf 76' lang='lat' dir='ltr'>Sclmlte,</span> <span class='ocrx_word' id='word_1_437' title='bbox 658 3380 766 3421; x_wconf 76' lang='lat' dir='ltr'>‘Der</span> <span class='ocrx_word' id='word_1_438' title='bbox 796 3381 907 3422; x_wconf 75' lang='lat' dir='ltr'>Adel</span> <span class='ocrx_word' id='word_1_439' title='bbox 938 3381 1029 3422; x_wconf 67' lang='lat' dir='ltr'>med</span> <span class='ocrx_word' id='word_1_440' title='bbox 1059 3382 1126 3422; x_wconf 74' lang='lat' dir='ltr'>die</span> <span class='ocrx_word' id='word_1_441' title='bbox 1157 3382 1356 3423; x_wconf 75' lang='lat' dir='ltr'>deutsche</span> <span class='ocrx_word' id='word_1_442' title='bbox 1377 3381 1546 3422; x_wconf 71' lang='lat' dir='ltr'>Kirche</span> <span class='ocrx_word' id='word_1_443' title='bbox 1576 3383 1637 3422; x_wconf 81' lang='lat' dir='ltr'>im</span> <span class='ocrx_word' id='word_1_444' title='bbox 1660 3379 1947 3430; x_wconf 67' lang='lat' dir='ltr'>Mittelalter’,</span> <span class='ocrx_word' id='word_1_445' title='bbox 1981 3378 2202 3431; x_wconf 70' lang='lat' dir='ltr'>Stuttqctrt</span> 
     </span>
     <span class='ocr_line' id='line_1_51' title="bbox 353 3440 1845 3494; baseline -0.001 -13"><span class='ocrx_word' id='word_1_446' title='bbox 353 3441 464 3482; x_wconf 80' lang='lat'>1910</span> <span class='ocrx_word' id='word_1_447' title='bbox 497 3440 658 3490; x_wconf 69' lang='lat' dir='ltr'>(Stutz,</span> <span class='ocrx_word' id='word_1_448' title='bbox 694 3440 1057 3483; x_wconf 72' lang='lat' dir='ltr'>‘Kirchem-echtl.</span> <span class='ocrx_word' id='word_1_449' title='bbox 1090 3440 1330 3481; x_wconf 74' lang='lat' dir='ltr'>Abhcmdl!</span> <span class='ocrx_word' id='word_1_450' title='bbox 1364 3441 1569 3494; x_wconf 79' lang='lat'>63—64),</span> <span class='ocrx_word' id='word_1_451' title='bbox 1599 3454 1643 3494; x_wconf 80' lang='lat'>2).</span> <span class='ocrx_word' id='word_1_452' title='bbox 1669 3441 1708 3490; x_wconf 83' lang='lat'>7,</span> <span class='ocrx_word' id='word_1_453' title='bbox 1740 3453 1782 3482; x_wconf 71' lang='lat' dir='ltr'>n.</span> <span class='ocrx_word' id='word_1_454' title='bbox 1809 3440 1845 3481; x_wconf 92' lang='lat'>1.</span> 
     </span>
    </p>
   </div>
  </div>
 </body>
</html>
