2377 3802
183 339 311 381 1190.

121 1668 230 1703 (Mazi
243 1668 314 1705 18¹1.

128 2700 234 2729 (Maii
246 2699 316 2736 23).

330 185 388 228 50
544 138 558 153 ⁹
715 173 983 220 OTTONIS
1016 173 1097 217 DE
1129 173 1174 219 S.
1207 172 1437 216 BLASIO
1471 173 1810 219 CHRONIOA.

332 332 479 381 dano
522 346 552 379 a
594 326 986 379 devastatione
1039 341 1102 376 ac
1152 324 1351 391 rapina
1389 324 1735 387 refrenabat,
1777 326 2047 377 estimans
2087 329 2186 376 aut

332 405 473 455 heca
523 402 826 470 ignorante
879 401 979 449 aut
1024 398 1206 449 invito
1247 397 1483 448 soldano
1525 399 1823 449 committi.
1901 399 2016 450 'Ubi
2054 415 2186 450 vero

330 493 429 545 per
467 475 790 527 veredarios
831 473 973 524 heca
1015 473 1083 523 de
1110 471 1395 522 industria
1436 468 1694 522 soldanib
1734 472 2028 539 publicata
2067 473 2187 523 eius

330 549 569 618 perfidia
609 548 764 599 fieri⁰
809 545 1089 613 cognovit,
1131 545 1312 595 iratus
1345 544 1580 595 soldano
1607 545 1770 596 hoste
1811 545 2187 612 pronunciato

332 623 643 674 exercitum
702 621 772 671 ad
832 620 1117 671 ulcionem
1177 617 1454 670 relaxavit
1511 620 1747 684 totaque
1804 617 2005 670 Cilicia
2060 636 2188 670 cum

331 690 691 763 Pamphiliad
738 693 1040 760 Frigiaque
1088 692 1406 760 proscripta
1458 691 1712 752 cedibus,
1766 691 2003 758 rapinis,
2055 692 2187 758 igne

330 772 596 836 ferroque
625 771 792 819 utens
820 766 1146 834 profligavit
1164 765 1182 794 1
1211 768 1433 825 cuncta,
1476 764 1730 832 paganis,
1772 764 1908 816 licet
1940 765 2189 832 procinc-

332 845 468 893 time
527 841 954 902 incedentibUS,
1016 855 1235 907 semper
1292 842 1485 890 tamen
1536 838 1595 888 in
1646 838 1787 905 fuga
1844 838 2188 889 constitutis.

333 917 459 967 Hac
499 916 693 981 itaque
732 913 1083 965 relaxatione
1124 915 1381 964 recreato
1410 912 1663 963 exercitu
1689 911 1950 962 Iconium
1978 929 2187 974 verSUS,

331 990 516 1040 tocius
558 987 755 1039 Cilicie
797 986 1157 1053 metropolim
1199 986 1533 1052 soldanique
1575 985 1957 1043 archisolium,
2012 985 2189 1037 aciem

334 1063 539 1113 direxit
580 1077 815 1126 eamque
853 1060 1117 1110 inaudita
1156 1059 1448 1111 celeritate
1488 1059 1851 1126 expugnavit.
1930 1058 2190 1126 Denique

334 1136 533 1186 civitas
575 1135 679 1185 hec
721 1133 1172 1201 populosissima,
1215 1133 1459 1183 maximo
1489 1150 1777 1183 murorum
1819 1132 2038 1183 ambitu
2076 1135 2190 1183 tur-

331 1209 591 1274 riumque
620 1207 960 1275 proceritate
995 1206 1391 1268 munitissima,
1435 1223 1620 1257 arcem
1648 1200 2185 1273 inexpugnabilemf

331 1283 392 1332 in
444 1281 629 1332 medio
683 1280 770 1331 sui
811 1279 1210 1347 complectenS,
1266 1279 1527 1331 omnibus
1579 1280 1649 1330 ad
1703 1279 2055 1331 obsidionem
2101 1296 2190 1331 ne·

333 1355 588 1406 cessariis
639 1354 853 1405 referta
903 1354 1110 1414 fuerat,
1165 1357 1371 1404 cuncta
1425 1353 1774 1404 extrinsecus
1813 1354 2044 1419 regione
2084 1353 2189 1404 vic-

331 1428 586 1479 tualibus
626 1428 860 1489 nudata,
915 1443 985 1478 ne
1033 1427 1472 1494 superveniensg
1514 1430 1790 1493 augustus
1832 1427 2071 1478 militem
2110 1426 2192 1477 ibi

334 1502 668 1569 aliquandiu
719 1503 1039 1552 sustentare
1092 1504 1297 1567 posset.
1379 1500 1489 1551 Sed
1543 1500 1666 1550 Deo
1719 1503 1986 1551 conatum
2026 1517 2190 1567 paga-

333 1593 536 1626 norum
586 1575 646 1625 in
698 1574 1047 1626 contrarium
1099 1577 1357 1625 vertente
1409 1589 1498 1624 res
1551 1573 1719 1624 aliter
1759 1573 1963 1625 evenit.
2042 1573 2190 1624 Nam

334 1653 466 1700 ante
520 1650 716 1700 horam
771 1648 884 1699 diei
934 1647 1171 1698 terciam
1225 1650 1501 1714 augustus
1550 1647 1838 1698 civitatem
1892 1647 2190 1698 subitaneo

332 1723 565 1773 incursu
593 1739 720 1773 cum
750 1722 994 1771 maximo
1021 1721 1240 1788 impetu
1269 1737 1581 1787 aggreSSUS,
1623 1720 1994 1772 multitudine
2026 1737 2192 1788 paga·
2225 1741 2243 1771 ε»

333 1814 535 1847 norum
605 1795 999 1846 resistencium
1052 1795 1264 1856 occisa,
1333 1798 1466 1845 ante
1533 1811 1739 1845 nonam
1808 1797 2190 1862 expugnatam

333 1870 554 1936 irrupit,
596 1869 910 1920 innumeris
950 1868 1246 1935 utriusque
1289 1884 1452 1919 sexus
1482 1870 1537 1919 et
1568 1868 1738 1919 etatis
1776 1866 1834 1918 in
1862 1885 1945 1919 ore
1981 1866 2192 1934 yladii2

333 1943 653 2003 trucidatis,
706 1959 838 2008 rege
893 1941 1128 1993 soldano
1181 1959 1309 1992 cum
1361 1941 1735 1992 nobilioribus
1782 1942 1841 1991 in
1882 1958 2067 1993 arcem
2108 1942 2192 1991 fu-

335 2017 544 2084 giente.
623 2015 826 2082 Sicque
881 2016 1112 2066 civitate
1165 2016 1383 2082 potitus
1436 2016 1633 2066 eadem
1686 2016 1775 2066 die
1825 2031 2010 2066 arcem
2052 2015 2191 2066 obsi-

337 2091 503 2141 dione
554 2089 806 2140 vallavit.
886 2089 1099 2140 Videns
1150 2089 1344 2155 itaque
1396 2088 1665 2139 soldanus
1710 2089 1925 2140 viribus
1967 2087 2192 2140 Germa·

335 2180 536 2214 norum
597 2166 803 2214 cuncta
863 2163 1060 2214 cedere
1122 2158 1363 2229 eosqueh
1424 2162 1616 2213 divina
1675 2163 1920 2229 quadam
1978 2163 2192 2213 virtute

334 2237 515 2288 fultos
556 2254 620 2288 ac
661 2236 859 2288 mortis
899 2236 1356 2303 terribiliumque
1397 2253 1583 2287 rerum
1615 2238 2033 2303 contemptores
2073 2236 2192 2288 sine

337 2311 707 2362 cunctacione
737 2304 973 2361 cunctai
1018 2304 1321 2361 invaderek
1352 2310 1699 2371 resistencia,
1740 2309 1954 2361 talibus
1996 2311 2192 2361 cedere

334 2378 682 2451 periculosol
735 2384 988 2435 doctusm
1029 2384 1415 2450 experimento
1443 2384 1824 2434 necessarium
1849 2387 2025 2445 ratus,
2069 2383 2193 2434 dex-

333 2463 452 2508 tras
506 2457 576 2508 ab
630 2459 874 2524 augusto
928 2457 1135 2524 peciitn
1183 2460 1256 2518 et,
1310 2460 1376 2507 ut
1428 2457 1480 2508 ei
1531 2460 1844 2508 mereretur
1889 2456 2190 2523 colloqui0,

335 2535 491 2582 serap
541 2531 746 2581 ductus
787 2531 1112 2597 penitencia
1153 2530 1513 2581 desideravit.
1594 2529 1718 2592 Quo
1760 2546 2023 2581 concesso
2066 2546 2192 2581 arce

337 2621 464 2654 cum
517 2605 631 2654 suis
684 2603 1016 2655 descendit3
1068 2620 1130 2654 ac
1184 2621 1284 2670 pro
1340 2603 1486 2654 velle
1539 2603 1769 2669 augusti
1814 2603 2002 2654 factus
2044 2603 2193 2654 dedi-

335 2677 505 2728 ticius
559 2677 706 2727 datis
759 2677 1050 2727 obsidibus
1101 2676 1531 2738 reconciliatur,
1584 2677 1853 2727 restituta
1905 2676 2014 2727 sibi
2065 2694 2191 2728 cum

334 2767 508 2817 regno
551 2750 782 2801 civitate
823 2750 1036 2800 Iconio.

514 2923 549 2959 a)
573 2912 597 2951 li
620 2922 659 2959 13
687 2909 710 2950 fr
737 2922 768 2951 2.
861 2920 898 2959 b)
926 2919 1070 2951 saldani
1097 2922 1126 2953 1.
1226 2921 1258 2958 c)
1292 2919 1337 2950 f⁴i
1357 2921 1389 2951 1.
1491 2918 1528 2959 d)
1561 2920 1759 2960 Panphffia
1783 2922 1815 2951 1.
1916 2922 1949 2962 e)
1974 2922 2192 2961 procinctim

336 2976 358 2996 α
381 2966 501 2996 scriba
526 2969 611 2995 mut.
636 2965 853 3004 proeium-1³
878 2967 908 2995 1.
1017 2965 1044 3003 f)
1069 2964 1351 2995 munitissimam
1376 2965 1474 3002 add„
1501 2965 1560 2995 secl
1585 2966 1652 2998 del.
1675 2966 1707 2995 1.
1823 2965 1862 3006 g)
1886 2967 2192 3005 supervenientes

337 3010 454 3040 eodem
480 3012 608 3040 atram.
639 3018 731 3042 corr.
756 3009 1024 3047 superveniens
1048 3009 1080 3039 1.
1173 3008 1211 3048 h)
1237 3008 1446 3047 periculoso
1472 3006 1601 3039 doctus
1627 3010 1878 3047 experimento
1903 3011 1988 3041 add.
2006 3010 2039 3049 2,
2064 3011 2192 3041 omisso

337 3062 494 3093 eosque3
523 3055 571 3091 cf.
589 3054 614 3086 Ζ.
630 3053 683 3083 29.
754 3053 779 3092 1)
803 3056 885 3093 9cta
910 3054 941 3083 1.
1013 3052 1049 3090 k)
1068 3053 1285 3083 resistencia
1303 3050 1481 3083 invadere
1499 3053 1530 3084 2.
1601 3054 1626 3093 1)
1653 3053 1747 3084 -loso
1768 3063 1790 3083 a
1806 3054 1925 3084 scriba
1941 3057 2027 3084 mut.
2046 3054 2141 3085 -losa
2159 3056 2190 3085 1.

338 3098 388 3139 m)
413 3107 471 3128 -us
496 3098 533 3127 in
551 3098 623 3128 loco
642 3105 726 3126 raso
752 3098 783 3126 1.
876 3097 913 3137 n)
939 3097 1049 3136 petiit
1073 3097 1104 3127 2.
1199 3096 1234 3135 ο)
1258 3096 1359 3134 loqui
1377 3097 1408 3129 2.
1503 3096 1541 3137 p)
1566 3097 1665 3128 seria
1688 3097 1835 3136 L⁷rstis.;
1861 3106 1942 3128 sero
1965 3098 2190 3129 Ussetmzamz.

518 3231 559 3280 1)
590 3229 661 3270 Ad
682 3230 798 3269 voces
829 3229 885 3281 cf.
910 3243 957 3282 p.
981 3230 1021 3280 4,
1056 3242 1099 3271 n.
1122 3231 1162 3272 3.
1276 3230 1319 3281 2)
1349 3228 1436 3269 Ex.
1459 3242 1530 3282 φ’.
1554 3230 1593 3272 1.
1616 3229 1720 3281 Rey,
1746 3231 1814 3280 22,
1841 3230 1918 3272 18:
1950 3227 2191 3271 trucidavit

337 3287 384 3328 in
426 3286 497 3329 die
528 3286 606 3328 illa
637 3288 695 3331 85
727 3287 845 3329 viros
879 3321 888 3330 .
924 3322 931 3331 .
968 3306 1003 3341 .;
1050 3289 1128 3331 19:
1173 3286 1402 3329 civitatem
1446 3286 1729 3329 sacerdotum
1765 3285 1984 3340 percussit
2024 3286 2071 3328 in
2114 3301 2189 3330 ore

338 3345 488 3400 gladii,
525 3345 645 3388 viros
677 3348 722 3387 et
752 3345 962 3388 mulieres
994 3348 1038 3387 et
1069 3345 1282 3400 parvulos
1312 3348 1356 3387 et
1376 3346 1616 3399 lactentes3
1650 3347 1703 3398 cf.
1738 3347 1865 3398 infra
1897 3358 1929 3388 c.
1952 3347 2021 3397 36,
2048 3360 2095 3399 p.
2119 3349 2188 3394 54,

339 3406 366 3445 Z.
394 3406 474 3457 183
505 3418 649 3458 supra
669 3418 702 3446 c.
721 3407 791 3457 30,
810 3419 855 3459 p.
873 3407 944 3457 43,
970 3404 997 3448 ἶ.
1015 3406 1055 3448 8.
1193 3406 1236 3458 3)
1274 3405 1464 3446 Tantum
1480 3418 1567 3458 per
1593 3405 1773 3445 nuntios
1793 3404 1997 3445 Kilidsch
2019 3406 2187 3446 Arslcm

339 3475 436 3504 cum
466 3467 732 3516 imperatore
765 3467 972 3507 convenit.

2225 1006 2265 1036 10

2226 1373 2265 1403 15

2227 2476 2268 2506 30

2226 2925 2266 2956 35

2223 3238 2266 3268 40
