2377 3802
580 134 848 179 OTTONIS
879 135 962 179 DE
995 134 1038 180 S.
1072 135 1302 179 BLASIO
1337 135 1675 181 CHRONICA.
2006 139 2062 182 85

204 288 500 355 episcopus
542 291 599 339 et
639 288 754 339 Leo
795 288 954 338 tituli
996 287 1204 339 Sancte
1239 287 1436 340 Crucis
1475 289 1534 338 in
1565 288 1878 340 Ierusalem
1919 300 2208 356 pres-1209.

205 361 368 428 byter
408 361 729 419 cardinalis,
773 362 869 428 qui
909 361 1118 429 priori³
1160 377 1308 412 anno
1336 362 1561 413 vivente
1597 358 1917 429 Phylippob
1960 379 2060 429 pro

204 435 398 486 eadem
431 451 616 495 causa,
663 439 724 485 ut
752 435 1094 502 prelibatum
1125 433 1262 494 estl,
1306 434 1591 501 legatione
1619 435 1842 485 functiC
1883 439 2059 491 erant,

203 511 268 558 ut
318 509 636 559 necessaria
690 508 1112 576 dispensatione
1155 507 1460 558 conubium
1504 509 1628 567 hoc,
1682 508 1869 573 gratia
1909 509 2061 574 pacis

150 600 169 632 5
203 584 261 633 et
302 582 601 634 concordie
654 582 1000 634 auctoritate
1052 580 1206 632 beati
1246 580 1404 630 Petri
1452 597 1518 631 ex
1567 580 1877 646 apostolica
1918 581 2062 630 coni-

203 651 438 706 venciad
478 656 686 706 initum
705 656 738 716 2,
792 658 979 705 ratum
1033 657 1090 705 et
1141 653 1490 719 legittimum
1532 655 1852 704 statuerent
1892 653 2063 719 idque

201 732 419 780 remoto
461 730 614 780 omni
655 728 923 780 scandalo
959 726 1197 778 ecclesia
1226 725 1592 792 dispensante
1620 725 1910 793 probabile
1941 743 2063 777 con-

202 803 495 854 firmarent
512 803 546 852 3.
628 801 739 866 Qui
779 802 851 852 ad
891 816 1082 867 regem
1113 799 1441 850 venientes4
1482 816 1723 866 eumque
1752 799 2065 866 apostolica
2082 824 2262 863 (nam-0).

203 876 601 928 benedictione
634 875 949 927 salutantes
984 890 1212 924 causam
1240 872 1546 940 legationis
1575 889 1690 935 sue,
1725 876 1792 923 ut
1817 872 2063 925 relatum

131 969 170 999 10
204 952 304 1011 est,
348 950 614 1017 aperiunt
642 964 882 1014 eumque
911 946 1119 998 libenti
1147 946 1335 998 animo
1366 947 1822 999 consencientem
1856 947 1928 998 ad
1956 948 2063 998 hoc

203 1024 274 1074 ad
316 1023 738 1074 defensioneme
787 1021 1042 1072 Romane
1084 1020 1318 1072 ecclesie
1358 1021 1765 1072 invitaverunt.
1953 1020 2064 1071 Ita-

203 1113 310 1163 que
351 1096 423 1147 ad
465 1095 569 1147 hec
611 1094 940 1161 exequenda
991 1094 1275 1161 generalis
1323 1095 1478 1146 curia
1518 1095 1871 1162 principibus
1912 1095 2062 1161 apud

202 1168 561 1236 Herbipolim
601 1169 876 1219 indicitur
907 1168 966 1219 in
995 1171 1196 1220 octava
1223 1163 1639 1236 pentecostesf·
1658 1168 1691 1219 5.
1772 1169 2064 1235 Principes
2081 1185 2188 1222 (Maii
2209 1186 2280 1223 24).

200 1243 380 1309 igitur
432 1259 498 1294 ex
550 1242 785 1294 diversis
836 1243 999 1309 regni
1049 1242 1309 1310 partibus
1362 1243 1434 1294 ad
1486 1244 1634 1294 hanc
1685 1243 1897 1294 curiam
1941 1259 2065 1294 con-

128 1334 167 1366 15
200 1319 497 1379 venerunt,
551 1316 842 1383 legatique
896 1316 1194 1367 civitatum
1249 1316 1421 1368 Italie
1474 1317 1885 1368 subiectionem
1933 1316 2065 1367 offe-

200 1393 391 1442 rentes
431 1390 838 1451 interfuerunt,
883 1388 1268 1457 Ottonemque
1307 1407 1498 1458 regem
1532 1390 1712 1457 regali
1753 1390 2064 1441 ambitione

200 1467 326 1515 tota
367 1466 670 1516 coronatag
701 1464 933 1515 civitate
964 1481 1091 1515 cum
1121 1464 1365 1515 maximo
1394 1464 1647 1531 tripudio
1676 1467 2063 1531 susceperunt,

201 1538 395 1605 ibique
433 1538 493 1588 in
535 1537 819 1606 palacium
858 1538 1048 1605 regale
1078 1538 1427 1605 congregati,
1471 1540 1759 1589 exstructo
1786 1537 2066 1588 tribunali

202 1629 301 1664 rex
361 1608 672 1674 consedith,
734 1612 1052 1663 cardinales
1112 1612 1330 1664 habens
1390 1611 1774 1673 collateraleS,
1833 1611 2065 1678 reliquis

129 1704 170 1735 20
202 1685 557 1753 principibus
608 1685 1171 1737 circumsedentibus.
1258 1685 1462 1752 Itaque
1515 1685 1688 1753 Hugo
1742 1685 2065 1736 Hostiensis

205 1760 502 1827 episcopus
561 1759 868 1811 cardinalis
932 1760 1115 1827 primo
1181 1775 1410 1811 exorsus
1477 1760 1545 1811 de
1611 1776 1780 1810 causa
1857 1758 2064 1825 regalis

204 1833 449 1896 conubii,
492 1850 593 1901 pro
635 1850 746 1900 qua
786 1837 1184 1895 convenerant,
1226 1833 1649 1885 rationabiliter
1681 1833 1889 1884 Latino
1929 1832 2064 1882 idio-

204 1903 389 1959 matei
454 1907 726 1974 allegavit
741 1903 779 1969 k,
847 1907 1216 1975 interpretem
1279 1907 1496 1959 habens
1546 1906 2063 1973 Wirziburgensem

205 1981 533 2049 episcopum
552 1980 585 2043 ⁶,
628 1981 860 2048 regique
903 1980 1119 2043 Ottoni,
1167 1984 1233 2032 ut
1273 1998 1374 2049 pro
1415 1981 1562 2032 bono
1605 1981 1759 2048 pacis
1801 1974 1888 2031 etl
1941 1997 2066 2031 con-

129 2073 170 2104 25
205 2055 394 2107 cordie
446 2055 517 2106 ad
569 2054 908 2106 abolendam
960 2056 1365 2122 preteritorum
1418 2055 1693 2106 malorum
1735 2054 2064 2105 memoriam

205 2145 331 2180 cum
385 2128 504 2179 filia
553 2128 927 2180 illustrissimi
977 2129 1250 2197 principis
1289 2125 1596 2197 Phylippib
1638 2128 2064 2179 matrimonium

205 2203 585 2265 contraheret,
630 2203 974 2254 auctoritate
1015 2202 1125 2254 Dei
1166 2205 1223 2255 et
1264 2203 1420 2255 beati
1459 2203 1618 2255 Petri
1663 2218 1764 2269 per
1804 2201 2065 2269 apostoli·

204 2293 327 2327 cam
387 2276 772 2328 obedientiam
829 2276 889 2327 in
948 2277 1337 2329 remissionem
1402 2279 1767 2344 peccatorum
1834 2292 2065 2327 suorum

202 2350 473 2418 precepit.
533 2350 688 2417 Rege
728 2350 908 2417 igitur
949 2351 1021 2401 ad
1060 2351 1167 2402 hoc
1197 2351 1402 2402 devoto
1431 2350 1619 2401 animo
1649 2349 2063 2409 consenciente,

130 2441 171 2474 30
204 2423 380 2475 abbas
456 2424 978 2475 Morimundensis⁷
1055 2423 1451 2476 Cisterciensis
1529 2424 1744 2475 ordinis
1823 2422 2066 2474 surrexit

203 2497 569 2565 omniumque
610 2498 884 2550 abbatum
931 2498 1284 2566 aliorumque
1337 2497 1726 2549 claustralium
1768 2497 2066 2563 utriusque

203 2572 433 2634 ordinis,
477 2571 870 2623 Cluniacensis
911 2572 1180 2624 videlicet
1221 2574 1278 2625 et
1315 2571 1724 2634 OisterciensiS,
1766 2587 2066 2638 personam

381 2730 415 2771 a)
442 2731 492 2761 ita
517 2732 548 2761 1.
567 2730 603 2770 2;
628 2730 754 2769 priore
784 2730 910 2762 Urstis.
996 2730 1034 2771 b)
1058 2730 1157 2762 Phil.
1184 2731 1215 2764 2.
1299 2731 1330 2771 c)
1357 2731 1534 2769 defuncti,
1561 2728 1625 2761 de-
1651 2731 1720 2760 del.
1746 2730 1777 2760 1.
1865 2728 1901 2769 d)
1926 2729 2068 2768 9uiEcia

203 2775 274 2805 alio
308 2778 436 2807 atram.
471 2784 564 2806 corr.
600 2775 741 2813 9qucia
765 2775 797 2807 1.
936 2775 969 2815 e)
995 2773 1263 2806 deffensionem
1288 2776 1316 2807 2.
1454 2775 1483 2814 f)
1514 2769 1649 2814 pente&
1685 2775 1724 2815 13
1767 2770 1997 2813 penthecost³
2033 2773 2065 2803 2.

129 2825 169 2858 35
203 2822 240 2858 g)
266 2820 317 2849 ita
341 2820 359 2849 1
385 2820 453 2858 (cf.
479 2828 591 2857 supra
614 2828 643 2849 c.
661 2819 716 2857 40,
736 2828 778 2857 p.
797 2819 851 2857 62,
878 2819 903 2850 Z.
922 2820 1004 2858 14);
1028 2817 1199 2850 ordinata
1226 2820 1257 2851 2.
1350 2820 1388 2860 h)
1425 2819 1651 2860 conscendit,
1682 2819 1743 2849 sed
1774 2827 1826 2849 -c-
1858 2827 1971 2857 supra
2003 2818 2066 2850 lin.

204 2864 274 2893 alio
301 2866 431 2896 atram.
458 2864 543 2895 add.
570 2864 601 2893 1.
694 2863 720 2903 i)
745 2863 933 2903 ydiomate
957 2864 990 2895 2.
1106 2863 1145 2903 k)
1169 2864 1282 2902 alleg·
1307 2872 1323 2894 e
1346 2872 1440 2895 corr.
1467 2865 1498 2894 1.
1592 2864 1617 2904 l)
1643 2867 1680 2894 et
1704 2862 1776 2894 alio
1801 2865 1930 2894 atram.
1957 2871 2069 2900 supra

204 2907 267 2938 lin.
293 2908 411 2947 suppl.
438 2909 476 2947 13
504 2916 571 2939 om.
599 2908 638 2948 23
664 2907 710 2944 cf.
738 2916 850 2946 supra
875 2908 898 2940 Z.
924 2909 946 2938 4
963 2917 1013 2948 sq.

384 3023 429 3079 1)
462 3024 506 3067 C.
529 3025 600 3076 48,
628 3038 676 3078 p.
699 3026 770 3068 80.
913 3026 957 3079 2)
998 3024 1063 3078 Cf.
1097 3038 1240 3079 supra
1272 3037 1304 3069 c.
1329 3027 1399 3078 48,
1426 3039 1475 3079 p.
1499 3026 1581 3077 803
1614 3025 1719 3078 Rey.
1753 3026 1804 3065 de
1834 3038 1927 3077 neq.
1961 3025 2065 3076 imp.

206 3096 277 3123 m·-
315 3083 410 3126 153.
456 3084 553 3127 169.
704 3083 751 3137 3)
794 3084 898 3136 Rey.
944 3085 994 3124 de
1035 3098 1128 3137 neq.
1173 3088 1276 3139 imp.
1319 3097 1391 3127 nr.
1427 3085 1524 3128 178.
1568 3086 1666 3128 181.
1712 3086 1796 3127 182
1841 3085 1906 3135 (a.
1938 3084 2067 3126 1209.

131 3156 173 3187 40
205 3141 307 3185 Ian.
343 3143 411 3185 18.
446 3143 538 3194 16).
689 3142 735 3194 4)
787 3141 909 3191 Quod
951 3156 1006 3186 m.
1051 3142 1223 3185 Martio
1264 3146 1439 3184 ineunte
1469 3144 1636 3194 factum
1669 3155 1757 3183 esse
1787 3143 1972 3192 videtur,
2010 3141 2063 3193 cf.

204 3200 257 3244 E.
293 3200 620 3252 Winkelmann,
657 3198 770 3241 ‘Otto
791 3200 822 3240 I
828 3200 891 3244 V!
917 3215 966 3255 p.
989 3203 1100 3252 4853
1132 3214 1276 3254 supra
1300 3215 1348 3254 p.
1371 3203 1442 3253 84,
1471 3215 1515 3245 n.
1539 3203 1579 3245 5.
1701 3200 1746 3255 5)
1782 3199 1848 3253 Cf.
1873 3199 2063 3242 Arnold.

203 3259 314 3302 Lab.
345 3259 450 3310 VH,
477 3260 554 3312 173
586 3258 691 3311 Req.
725 3259 830 3312 imp.
859 3259 911 3311 V,
939 3262 976 3310 1,
1010 3272 1081 3300 nr.
1105 3260 1240 3304 2801).
1396 3261 1439 3313 6)
1488 3259 1694 3302 Ottonem.
1849 3261 1892 3311 7)
1920 3257 2062 3298 Mori-

202 3318 340 3359 mzmd
380 3319 510 3370 (dioc.
551 3317 788 3370 Lanqres),
832 3320 903 3357 cui
944 3323 1047 3358 tunc
1086 3318 1394 3369 Reddam-icus,
1432 3320 1567 3371 prius
1609 3317 1744 3358 abbas
1785 3316 2061 3356 Wallcem·ie-

203 3378 360 3429 densis,
386 3381 628 3430 praeerat;
660 3377 715 3427 cf.
744 3376 792 3416 G.
820 3376 951 3429 Bode,
986 3376 1100 3420 (ΠΒ.
1127 3377 1204 3418 der
1227 3376 1355 3418 stadt
1380 3375 1568 3417 Goslar'
1592 3374 1631 3428 I,
1657 3390 1706 3429 p.
1729 3377 1830 3429 394,
1858 3388 1928 3417 nr.
1952 3375 2062 3423 3812

128 3449 172 3481 45
203 3440 317 3480 Arn.
350 3435 461 3480 Lub.
490 3436 584 3477 VII
601 3438 662 3479 iu.
