2377 3802
198 268 322 310 1159.

191 325 308 362 (Ina).

100 412 142 443 G.
160 412 222 443 fr.
244 412 320 449 III,

137 455 276 487 38-45.

195 501 320 543 1158.

87 810 132 839 ib.
159 809 238 848 111,
265 810 318 843 47.

133 1472 241 1510 (Sept.
269 1473 318 1511 8).

60 1914 168 1945 G.Fr.
181 1913 319 1954 III,48.

346 131 400 171 12
723 124 994 170 OTTONIS
1025 125 1106 169 DE
1138 125 1184 172 S.
1218 125 1446 173 BLASIO
1480 129 1820 177 GHRONIGA.

341 281 602 342 congressi
641 281 1012 327 Wernherum³
1058 275 1391 328 Italicumb·1
1441 287 1796 333 marchionem
1847 288 2195 348 prestantissi-

340 371 486 400 mum
525 369 643 400 cum
671 355 853 400 multis
886 356 1001 401 aliis
1042 357 1344 402 occiderunt
1361 353 1395 413 2,
1444 355 1513 405 de
1555 355 1714 406 cuius
1755 357 2015 408 nomine0
2064 356 2195 407 dici-

340 427 434 473 tur
485 423 673 475 adhuc
715 423 1018 476 Wernheri
1075 425 1292 476 markia
1310 425 1344 474 3.
1442 432 1519 477 Ex
1575 433 1701 493 ipsis
1760 438 1937 480 autem
1995 435 2194 480 civibus

340 502 553 548 cottidie
605 502 757 548 multi
797 504 992 562 passim
1033 498 1349 550 machinis4
1395 502 1452 551 et
1491 508 1942 566 congressionibus
1981 509 2195 568 perime-

339 576 549 631 bantur,
591 590 649 621 ac
692 577 897 622 diversa
925 580 1063 623 sorte
1091 578 1401 638 pessundati
1428 579 1607 624 multis
1636 581 1788 625 malis
1817 582 2191 627 atterebantur.
2235 594 2254 625 5

341 648 492 695 Cives
531 651 708 710 itaque
748 651 937 696 cesaris
977 651 1233 711 impetum
1260 666 1366 697 non
1395 653 1716 698 sustinentes
1756 676 1826 682 --
1867 658 1979 700 arta
2006 656 2195 715 quippe

340 723 606 769 obsidione
647 719 1020 786 omnibusque
1063 720 1399 772 bellicorum
1437 721 1949 773 instrumentorum
1990 723 2196 774 machi-

338 792 467 842 nis4
516 797 851 857 impugnatos
903 799 1189 844 admodum
1240 800 1514 846 attriverat
1562 824 1614 829 —
1664 801 1993 846 condiciones
2032 802 2194 861 pacis,

337 871 604 916 mediante
646 866 935 917 Friderico
977 867 1119 918 duce
1162 869 1230 919 de
1278 868 1655 930 Rotinburch‚
1699 865 2006 920 Heinricod
2054 871 2196 921 duce

338 938 630 990 Bawariee
672 941 729 990 et
770 939 1010 991 Saxonie
1029 940 1062 1002 ⁵,
1113 938 1409 993 Bertolfof
1452 943 1594 994 duce
1635 943 1872 1010 Zaringe
1888 948 1927 1006 g,
1975 959 2198 995 necnon
2231 965 2272 994 10

339 1016 396 1063 et
446 1031 566 1076 rege
613 1006 929 1073 Boemieh·⁶,
999 1019 1063 1064 ab
1115 1020 1427 1080 imperatore
1486 1025 1711 1081 querunt
1765 1022 2034 1082 multoque
2085 1023 2198 1068 auri

337 1091 565 1150 pondere
616 1091 932 1150 imperatrici
995 1093 1182 1138 collato
1244 1107 1450 1139 necnon
1498 1095 1702 1140 infinita
1752 1097 2001 1155 peccunia
2039 1096 2195 1156 impe·

338 1165 496 1209 ratori
534 1164 620 1208 vix
658 1164 997 1224 impetratam
1038 1167 1130 1211 tali
1176 1167 1331 1212 modo
1372 1168 1650 1227 accipiunt.
1730 1164 2082 1231 Imperatore
2125 1165 2195 1215 ad

338 1233 660 1299 impetrata,
703 1236 769 1283 ut
808 1233 919 1284 iam
963 1234 1181 1286 dictum
1222 1238 1323 1297 est,
1366 1237 1458 1286 vix
1496 1253 1786 1287 assensum
1829 1239 2016 1299 dante,
2058 1255 2196 1305 pace

339 1306 474 1357 data
511 1307 628 1358 dies
658 1309 934 1358 statuitur
954 1308 983 1370 ⁷,
1027 1325 1139 1375 qua
1166 1309 1315 1360 cives
1343 1305 1630 1361 dediticiii
1682 1327 1739 1362 se
1768 1328 1980 1378 suaque
2009 1312 2198 1362 omnia
2231 1331 2271 1362 15

337 1380 397 1430 in
437 1397 638 1431 manus
679 1382 884 1432 cesaris
921 1383 1325 1434 contraderent
1362 1384 1554 1450 sicque
1594 1384 1837 1436 obtentu
1876 1386 2198 1453 principum

339 1455 582 1522 gratiam
624 1455 742 1505 eius
782 1455 1120 1507 invenirent.
1187 1455 1313 1520 Qua
1348 1458 1612 1509 veniente
1651 1459 1961 1525 imperator
1997 1459 2198 1526 procul

339 1546 371 1578 a
413 1528 643 1579 civitate
684 1546 783 1595 per
824 1529 1003 1580 ΙΠΙΟΓ
1055 1530 1235 1582 ferme
1290 1531 1535 1582 miliaria
1574 1532 1782 1582 Latina
1828 1533 2059 1584 secessit
2099 1533 2196 1583 ibi-

339 1619 446 1668 que
497 1602 776 1653 tribunali
831 1603 1294 1655 ambiciosissime
1346 1605 1628 1656 instructo
1685 1623 1810 1656 cum
1866 1606 2198 1673 frequencia

337 1676 658 1743 principum
687 1677 915 1738 resedit,
960 1680 1166 1728 cuncto
1196 1679 1449 1729 exercitu
1476 1696 1577 1746 per
1605 1682 1820 1730 turmas
1850 1697 1977 1730 suas
2006 1682 2196 1731 tractu
2229 1700 2272 1730 20

338 1744 705 1816 longissimok
763 1768 794 1800 a
847 1751 1079 1802 civitate
1131 1768 1308 1818 usque
1362 1753 1434 1803 ad
1486 1748 1703 1804 locuml
1753 1753 2059 1804 tribunalis
2112 1771 2197 1805 ex-

338 1823 534 1874 tentoS
582 1825 879 1890 tociusque
931 1825 1192 1876 militaris
1243 1825 1422 1893 glorie
1474 1830 1754 1894 apparatu
1801 1828 2196 1879 decentissime

338 1897 637 1948 instructo.
716 1904 815 1948 Via
851 1904 1028 1964 itaque
1056 1918 1147 1963 per
1178 1905 1412 1949 medium
1440 1906 1724 1951 exercitum
1752 1920 1917 1966 usque
1945 1907 2013 1951 ad
2039 1907 2196 1966 impe-

339 1979 565 2021 ratorem
627 1977 826 2022 civibus
882 1977 1174 2037 patefacta,
1231 1979 1397 2037 primo
1436 1979 1669 2038 procedit
1722 1980 2141 2040 archiepiscopus
2159 1975 2193 2036 9,

341 2045 841 2096 sacerdotalibusm
881 2047 1117 2098 indutus
1138 2046 1194 2109 10,
1237 2052 1394 2097 nudis
1427 2053 1648 2112 pedibus
1662 2053 1702 2108 Π,
1745 2068 1863 2098 cum
1892 2054 2035 2099 omni
2061 2054 2195 2099 clero
2228 2068 2270 2100 25

517 2235 551 2271 a)
584 2233 831 2264 VVerhnerum
863 2234 894 2267 2.
1029 2235 1067 2273 b)
1098 2238 1150 2275 γι,
1186 2235 1217 2265 2.
1356 2236 1388 2275 c)
1421 2236 1570 2266 nomine
1601 2245 1624 2265 α
1654 2236 1775 2266 scriba
1806 2237 1841 2265 in
1873 2245 1986 2274 mary.
2017 2237 2133 2274 suppl.
2166 2239 2196 2270 1.

341 2275 377 2316 d)
410 2277 525 2308 Henr.
560 2277 591 2310 2.
709 2278 741 2316 e)
770 2279 929 2316 primum
962 2288 1016 2308 -a·
1049 2288 1065 2308 e
1097 2288 1191 2313 corr,
1219 2282 1249 2310 1.
1366 2281 1394 2317 1¹)
1424 2288 1530 2318 super
1565 2280 1610 2309 -f·
1643 2281 1715 2310 alio
1749 2284 1881 2310 αίναυῑ.
1914 2289 2089 2319 superser.
2122 2281 2194 2314 di).

341 2324 374 2359 g)
406 2322 567 2361 Zaringe
598 2322 674 2351 alia
706 2332 813 2352 manu
845 2326 929 2356 mut.
961 2323 1130 2360 Zaringie
1155 2326 1184 2356 1.
1299 2324 1336 2363 h)
1370 2323 1549 2356 Bohemie
1582 2325 1613 2358 2.
1726 2325 1751 2362 i)
1784 2323 1917 2355 dedicii
1942 2326 1973 2364 2,
2007 2326 2067 2355 sed
2101 2328 2195 2355 certo

340 2367 522 2404 legendum
555 2369 603 2396 est
628 2364 792 2397 dediticii
822 2368 871 2402 (ei
898 2367 998 2404 infra
1015 2377 1055 2406 p.
1077 2368 1130 2406 18,
1158 2378 1193 2398 n.
1211 2377 1233 2399 a
1265 2366 1490 2406 dediticias),
1523 2371 1561 2398 ut
1587 2372 1695 2407 paret
1719 2378 1760 2407 p.
1789 2369 1842 2407 25,
1869 2379 1902 2401 n.
1920 2377 1959 2408 εις
1987 2372 2071 2406 post
2095 2371 2196 2400 cives

339 2411 497 2449 sequitur
521 2410 543 2440 d
567 2419 709 2441 erasum
733 2414 764 2440 et
787 2412 941 2450 spatium
967 2421 1117 2442 saeuum
1141 2413 1250 2442 trium
1268 2413 1321 2443 vel
1337 2416 1491 2451 qzcatuor
1508 2413 1710 2443 litterarum
1728 2415 1759 2444 1.
1835 2412 1874 2451 k)
1898 2412 2145 2451 longisissimo
2163 2414 2193 2447 2.
2228 2418 2271 2449 30

339 2455 363 2493 l)
391 2456 449 2495 109
474 2456 503 2486 1.
584 2455 633 2494 m)
657 2454 950 2486 socerdotalibus
967 2457 998 2487 2.
1077 2457 1114 2496 n)
1140 2457 1268 2495 pedib:
1295 2458 1369 2486 alia
1386 2459 1542 2495 fortasse
1558 2466 1667 2487 manu
1684 2466 1776 2489 corr.
1797 2457 1966 2497 pedibus,
1992 2466 2039 2487 -1s
2064 2458 2099 2487 in
2118 2458 2194 2488 loco

338 2507 435 2537 raso,
454 2500 674 2538 sequentibus
697 2501 838 2530 circiter
853 2501 893 2530 11
919 2501 1047 2530 litteris
1064 2501 1189 2539 erasis,
1216 2501 1275 2531 ubi
1290 2501 1444 2538 fortasse
1466 2502 1638 2540 seriptum
1656 2504 1732 2531 erat
1750 2502 1846 2539 sagis
1863 2499 1983 2532 induti
2000 2503 2135 2532 exertis
2160 2502 2192 2534 1.

519 2662 561 2714 1)
602 2660 823 2703 Anconae
859 2662 909 2705 G.
943 2663 1073 2705 Frid.
1106 2662 1192 2714 IV,
1226 2664 1297 2706 48.
1454 2662 1498 2718 2)
1541 2663 1667 2704 Mors
1708 2663 1940 2704 Wernherz·
1969 2663 2035 2706 ΙΙ.
2069 2676 2192 2703 mar-

340 2719 510 2760 chionis
541 2721 589 2760 in
624 2721 814 2772 Cremae,
858 2734 947 2762 non
990 2722 1235 2762 Mediolani
1271 2721 1489 2762 obsidione
1525 2723 1672 2764 evenit.
1825 2724 1868 2775 3)
1912 2722 2195 2762 Anconitana

341 2778 555 2821 marchia.
598 2779 665 2822 IV.
801 2780 846 2833 4)
890 2780 1012 2821 Haec
1052 2781 1195 2832 mayis
1237 2781 1298 2820 ad
1329 2781 1509 2821 Cremae
1539 2793 1673 2834 quam
1711 2781 1770 2820 ad
1792 2783 1993 2833 priorem
2025 2780 2192 2822 Medio·
2228 2798 2269 2830 35

341 2838 437 2877 lani
458 2837 724 2878 obsidionem
737 2842 973 2890 periineni.
1028 2839 1111 2880 Sed
1131 2840 1184 2891 cf.
1219 2838 1408 2882 Vincent.
1434 2839 1569 2892 Pray.
1594 2852 1634 2881 a.
1657 2841 1783 2890 1158,
1807 2839 1861 2878 M
1864 2840 1916 2882 G.
1934 2839 2011 2882 SS.
2036 2839 2193 2890 XVII,

334 2910 381 2949 2).
417 2897 515 2939 674.
667 2897 710 2949 5)
738 2897 1006 2951 Perperam5
1037 2911 1144 2938 nam
1165 2898 1407 2939 Heinricus
1427 2898 1513 2939 Leo
1536 2900 1691 2951 priori
1710 2898 1961 2939 fllediolani
1978 2898 2198 2940 obsidioni

340 2967 429 2994 non
470 2955 687 3007 interfuit.
762 2955 846 2996 Sed
887 2970 928 2998 a.
965 2958 1091 3000 1160.
1135 2958 1183 2997 in
1227 2958 1441 2997 deditione
1489 2957 1786 2998 Cremensizcm
1834 2959 2092 3009 intercessit,
2141 2957 2192 3000 G.

340 3013 470 3053 Frid.
504 3014 587 3065 IV,
630 3016 697 3057 70.
733 3017 800 3066 72,
845 3027 954 3068 quae
996 3020 1149 3056 auctor
1190 3016 1400 3059 turbavit.
1551 3015 1594 3069 6)
1639 3016 1888 3056 Wlaclislao
1919 3016 1983 3056 ΙΙ.
2029 3016 2195 3058 Medio-

340 3073 540 3113 lanenses
568 3071 716 3126 primo
749 3086 903 3126 regem
926 3072 1140 3115 Boemiae
1172 3073 1425 3128 ducemque
1447 3073 1672 3128 Austriae,
1707 3073 1869 3116 dehinc
1890 3074 2193 3117 mediantibus
2225 3092 2269 3122 40

340 3129 427 3171 illis
469 3130 578 3172 alios
610 3130 834 3185 principes
874 3135 1116 3174 convenisse
1160 3133 1212 3173 G.
1245 3134 1375 3176 Frid.
1407 3133 1500 3186 III,
1534 3136 1604 3178 47.
1638 3134 1836 3176 tradunt.
1989 3136 2035 3188 7)
2074 3135 2191 3176 Vino.

340 3189 494 3242 Pray„
536 3189 616 3233 SS.
648 3190 700 3231 X
708 3190 811 3243 VII,
846 3205 894 3244 p.
929 3192 1027 3243 674,
1069 3192 1096 3234 Z.
1129 3194 1200 3235 35.
1351 3193 1397 3246 8)
1447 3193 1513 3245 Cf.
1557 3193 1677 3235 Vino.
1721 3192 1874 3245 Pray„
1916 3192 1995 3235 SS.
2028 3192 2080 3232 X
2088 3192 2192 3244 VH,

333 3262 380 3300 p.
406 3249 505 3300 674,
538 3249 562 3292 Ζ.
588 3251 668 3293 50:
711 3248 818 3291 licet
857 3250 1054 3291 tentoria
1097 3249 1382 3304 imperatoris
1413 3265 1438 3292 a
1470 3251 1610 3306 portis
1642 3249 2051 3293 Mediolanensium
2087 3250 2193 3291 satis

340 3306 510 3348 fuerint
550 3311 738 3361 remota,
780 3309 1004 3362 processio
1046 3312 1199 3351 tamen
1241 3309 1318 3350 illa
1360 3323 1385 3350 a
1426 3309 1639 3364 predictis
1681 3309 1822 3364 portis
1854 3322 1992 3363 usque
2026 3307 2081 3349 ad
2114 3307 2192 3349 tri·

339 3364 479 3407 buna]
510 3366 794 3420 imperatoris
831 3366 1035 3411 durabat.
1188 3370 1232 3420 9)
1283 3369 1495 3412 Othertus.
1650 3371 1720 3422 10)
1763 3368 1830 3419 Cf.
1874 3368 1993 3410 Vino.
2037 3368 2190 3420 Pra9.,
2225 3384 2267 3415 45

343 3424 417 3467 SS.
451 3425 623 3479 XVII,
663 3440 711 3479 p.
751 3429 858 3478 674,
908 3427 935 3471 Ζ.
972 3429 1028 3471 46
1061 3441 1174 3481 sqq.;
1220 3427 1406 3482 prelatis
1453 3427 1659 3469 crucibus
1708 3427 1759 3471 G.
1807 3425 1935 3469 Frid.
1977 3426 2080 3479 III,
2120 3428 2190 3470 48.
