2377 3802
280 157 336 198 24
660 146 928 191 OTTONIS
960 145 1042 187 DE
1076 144 1120 190 S.
1154 143 1386 188 BLASIO
1421 144 1760 188 CHRONIGA.

135 317 260 360 1167.
278 304 396 352 vita
436 300 572 351 totis
613 298 826 349 viribus
868 294 1269 355 decertent³·1‚
1313 296 1667 347 exhortando
1697 296 2136 363 magnanimiter

279 375 665 426 concionatur.
706 370 920 421 Videns
949 372 1140 420 autem
1169 368 1379 419 milites
1397 368 1709 420 Teutonica
1737 370 2098 421 animositate
2118 369 2137 398 ²

280 449 492 499 alacres
544 474 615 480 -—
666 462 798 495 nam
840 444 1076 494 hortatu
1116 442 1236 493 eius
1275 442 1678 509 insuperabilis
1719 443 2134 509 quodammodo

280 521 544 572 alacritas
586 519 765 570 menti
805 535 999 569 eorum
1038 515 1243 567 incidit
1292 543 1364 548 -—-
1415 515 1563 566 acies
1604 513 1868 566 ordinatb
1911 519 1983 578 et,
2039 516 2135 582 qui

279 594 448 662 primi
490 593 869 650 committant,
920 590 1017 657 qui
1068 591 1357 641 consertos
1410 589 1601 639 hostes
1649 607 1681 639 a
1721 589 1899 641 latere
1938 590 2135 639 irrum-
2168 607 2187 638 5

279 670 419 735 pant
436 673 472 729 0,
526 667 623 733 qui
663 665 916 716 subsidia
954 664 1203 731 pondere
1245 661 1449 730 prelii3
1494 662 1888 714 laborantibus
1927 664 2133 723 ferant,

280 744 457 792 semet
507 740 691 807 ipsum
745 739 817 789 ad
863 738 1101 789 ferenda
1142 754 1270 787 cum
1309 736 1632 787 lectissimis
1675 736 1929 787 subsidia
1969 736 2135 787 collo—

281 832 428 876 cans,
472 814 805 865 ordinanter
833 811 1084 878 disponit
1100 807 1137 859 d.
1217 810 1292 860 Et
1324 810 1402 860 sic
1434 809 1609 877 signis
1639 809 1841 861 erectis
1871 810 2136 860 extensis-

280 905 386 954 que.
438 888 498 937 in
549 887 783 952 longum
825 884 1156 936 cohortibus
1197 883 1318 935 Deo
1371 900 1527 950 spem
1575 900 1735 934 suam
1775 883 2137 934 committens

281 964 479 1012 contra
537 960 823 1010 Romanos
883 958 955 1008 ad
1013 957 1229 1009 bellum
1290 957 1563 1024 procedit.
1661 957 2137 1024 Archiepiscopus
2171 975 2212 1005 10

280 1038 470 1084 autem
515 1032 867 1084 Coloniensis
916 1049 1041 1082 cum
1085 1030 1412 1082 castellanis
1454 1034 1510 1082 et
1552 1030 1666 1081 suis
1707 1031 1986 1092 omnibus,
2041 1030 2138 1097 qui

279 1108 350 1158 ad
391 1106 713 1158 trecentos4
753 1105 964 1155 milites
1006 1105 1149 1155 bene
1191 1104 1360 1154 armis
1407 1104 1715 1155 instructos
1757 1107 1952 1156 erante
1996 1121 2136 1155 com-

278 1181 482 1247 putati,
537 1180 607 1230 ad
661 1178 1110 1229 subveniendum
1163 1194 1220 1228 se
1273 1177 1454 1227 modis
1503 1178 1766 1228 omnibus
1814 1178 2138 1245 preparavit

280 1258 336 1305 et
386 1255 446 1304 in
498 1256 681 1304 castro
735 1269 913 1318 usque
963 1251 1033 1301 ad
1076 1251 1530 1316 congressionem
1572 1251 1807 1302 silenter
1849 1251 2080 1301 delituit
2097 1250 2131 1300 5.

279 1328 468 1394 Igitur
520 1326 670 1377 bello
721 1326 1017 1376 commisso
1068 1325 1380 1390 fractisque
1433 1325 1696 1392 primitus
1737 1325 1974 1375 militari
2015 1341 2135 1375 con·
2172 1345 2213 1376 15

280 1417 447 1451 cursu
486 1401 699 1451 lanceis
739 1416 826 1450 res
868 1399 1074 1466 gladiis
1103 1399 1293 1465 agitur
1311 1397 1343 1460 6,
1388 1398 1699 1463 sagittariis
1729 1399 1906 1466 partis
1933 1399 2137 1449 utrius-

280 1492 386 1540 que
416 1474 642 1540 sagittis
670 1473 856 1524 lucem
886 1473 998 1523 diei
1025 1473 1084 1522 in
1112 1473 1341 1523 modum
1365 1473 1582 1522 nivium
1610 1472 2136 1523 obtenebrantibus.

279 1549 353 1598 Et
413 1565 540 1599 ecce
602 1546 956 1598 Coloniensis
1016 1563 1141 1597 cum
1211 1546 1490 1613 expeditis
1556 1546 1835 1596 militibus
1902 1546 2137 1597 castello

281 1638 578 1688 erumpens
624 1621 909 1671 Romanos
962 1637 994 1670 a
1043 1622 1205 1686 tergo
1257 1620 1478 1670 invadit
1533 1619 1723 1686 eisque
1775 1620 2007 1670 fortiter
2058 1637 2138 1671 ce-

281 1696 467 1746 dendo
507 1695 703 1756 instat,
758 1694 948 1760 sicque
983 1693 1134 1744 bello
1164 1697 1297 1743 ante
1327 1695 1384 1744 et
1423 1695 1576 1744 retro
1619 1693 1939 1744 circundati
1979 1693 2136 1743 undi-
2171 1714 2212 1744 :20

281 1786 387 1835 que
427 1769 856 1836 impugnantur.
936 1767 1204 1817 Romanis
1244 1767 1439 1833 itaque
1479 1769 1707 1817 tantum
1750 1767 2138 1817 multitudinis

279 1843 627 1909 inpressione
669 1841 1077 1908 pugnantibus
1121 1840 1479 1891 Christianus
1508 1841 1804 1908 episcopus
1846 1858 1973 1891 cum
2016 1841 2136 1892 sub-

281 1912 551 1966 sidianisf
605 1916 782 1966 aciem
834 1914 1063 1965 illorum
1117 1932 1149 1964 a
1198 1914 1376 1965 latere
1428 1915 1635 1981 irrupit
1687 1931 1891 1981 eosque
1934 1915 2136 1966 medio-

279 1993 446 2040 tenus
501 1989 760 2040 dividens
817 1989 1002 2039 tribus
1061 1988 1120 2038 in
1180 1988 1320 2039 locis
1387 1988 1764 2039 artificialiter
1823 1988 2138 2039 disiunctos

281 2063 503 2114 cecidit.
592 2063 796 2129 Itaque
849 2062 1044 2112 multis
1097 2062 1318 2122 occisiS,
1376 2061 1635 2128 pluribus
1676 2062 1856 2128 captis
1896 2062 2137 2113 Romani
2172 2080 2213 2111 -25

281 2137 534 2204 superati
591 2137 788 2203 fugam
848 2137 1051 2187 ineunt
1110 2153 1173 2186 ac
1227 2135 1437 2186 Urbem
1495 2152 1688 2186 versus
1741 2153 1773 2186 a
1826 2136 2138 2186 Victoribus

279 2210 524 2261 insecuti
575 2210 969 2261 cruentissima
1016 2211 1152 2260 cede
1205 2211 1547 2260 mactantur.
1638 2209 1899 2260 Presules
1945 2210 2138 2276 itaque

280 2283 557 2334 militibus
610 2301 641 2334 a
699 2284 834 2334 cede
893 2284 1172 2334 revocatis
1232 2284 1304 2333 ad
1350 2282 1538 2334 locum
1587 2283 1725 2334 belli
1777 2284 2022 2334 redeunt
2074 2300 2137 2333 ac

281 2375 407 2408 cum
469 2358 713 2408 maxima
759 2357 952 2408 leticia
1010 2357 1430 2424 triumphantes
1486 2359 1709 2407 noctem
1759 2356 1918 2407 illam
1973 2357 2138 2407 duxe-

279 2433 430 2481 runt.
646 2431 816 2482 Mane
881 2431 1038 2482 facto
1102 2431 1346 2481 Romani
1411 2430 1483 2480 ad
1540 2430 1798 2481 tollenda
1864 2430 2138 2481 cadavera
2172 2449 2213 2479 30

280 2505 591 2556 occisorum
644 2506 714 2555 ad
767 2504 955 2555 locum
1009 2504 1146 2555 belli
1198 2506 1566 2571 properantes
1612 2521 1712 2570 per
1750 2504 2001 2570 presules
2041 2504 2137 2553 im-

279 2579 462 2628 missis
517 2578 575 2628 in
628 2595 721 2629 eos
773 2578 1052 2628 militibus
1092 2577 1407 2643 fugantur7
1451 2577 1772 2643 reversique
1814 2577 1883 2627 ad
1926 2577 2137 2628 Urbem

279 2652 372 2701 vix
432 2653 697 2702 evadunt.
787 2652 1040 2702 Tandem
1102 2651 1282 2701 missis
1335 2651 1406 2700 ad
1457 2650 1709 2717 presules
1760 2651 2011 2707 nunciis,
2072 2654 2137 2700 ut

283 2741 469 2775 amore
511 2725 694 2775 sancti
726 2725 883 2775 Petri
912 2728 969 2775 et
996 2727 1257 2791 respectu
1287 2724 1724 2774 christianitatis
1765 2724 1843 2775 eis
1884 2727 2137 2774 mortuos

457 2852 491 2891 a)
525 2850 705 2891 cleonem,
739 2850 754 2871 4
787 2853 860 2882 (ιῖιύ
893 2855 1024 2882 alt-(cm.
1058 2853 1093 2881 in
1126 2853 1198 2881 loco
1231 2861 1313 2882 raso
1347 2854 1378 2881 1.
1502 2852 1536 2890 b)
1570 2852 1620 2880 ita
1653 2852 1844 2890 H7lmans3
1872 2848 2020 2882 ordinat
2044 2853 2076 2882 1.
2104 2852 2135 2881 2.
2172 2849 2212 2880 35

280 2904 309 2927 cs
339 2904 375 2925 -e
400 2895 493 2926 irrfi-
518 2898 551 2925 in
577 2897 650 2925 loco
677 2905 760 2925 raso
787 2899 816 2926 1.
911 2895 948 2934 d)
974 2895 1156 2935 disposuit
1180 2896 1212 2926 2.
1306 2894 1339 2935 e)
1365 2896 1567 2934 computati
1593 2900 1698 2926 erant
1724 2897 1755 2930 2,
1852 2895 1879 2935 f)
1912 2897 1962 2925 ita
1987 2896 2026 2934 23
2054 2896 2136 2926 sub-

280 2940 438 2970 sidiariis
465 2940 682 2977 Nauclerus;
707 2937 899 2970 slffsidionis
924 2944 1009 2970 mut.
1037 2941 1110 2971 suis
1138 2942 1167 2970 1.

461 3046 502 3097 1)
542 3045 650 3087 Sall.
697 3043 788 3086 Cat.
836 3045 905 3094 58,
943 3046 1009 3093 11,
1054 3056 1197 3095 snpra
1225 3057 1269 3096 2).
1296 3045 1363 3093 18,
1396 3055 1438 3084 η.
1465 3044 1503 3085 9.
1656 3041 1699 3097 ⁶2)
1737 3042 1803 3095 Cf.
1836 3055 1978 3095 supra
2009 3055 2041 3085 c,
2069 3045 2135 3093 14,

274 3118 322 3157 p.
361 3106 434 3155 17,
478 3104 505 3146 Z.
540 3105 592 3155 43
637 3104 765 3154 infra
799 3115 829 3144 ο.
862 3104 931 3153 23,
962 3117 1004 3156 p.
1037 3104 1106 3153 33,
1140 3103 1166 3144 l.
1194 3105 1296 3154 lsq.
1411 3101 1454 3156 3)
1502 3104 1538 3144 1.
1573 3101 1678 3153 Rey.
1713 3104 1782 3153 31,
1807 3104 1856 3144 3:
1902 3104 2137 3154 totumque

280 3161 456 3216 pondus
496 3160 656 3216 praelii
697 3175 872 3203 versum
919 3164 985 3201 est
1020 3160 1067 3201 in
1109 3158 1229 3203 Saul.
1393 3163 1438 3213 4)
1489 3162 1571 3204 140
1617 3160 1777 3202 Chron.
1821 3163 1946 3212 φορέει
1992 3160 2134 3202 Colon.
2170 3173 2212 3202 40

282 3222 343 3264 ed.
378 3221 536 3272 W‘aitz,
552 3234 598 3273 p.
626 3223 710 3264 117
731 3222 837 3270 (106
861 3219 1006 3273 Epist.
1031 3220 1254 3269 Reinaldz‘,
1285 3219 1551 3271 Sudemlorf,
1579 3219 1835 3272 Reyistrum
1857 3217 1926 3267 II,
1943 3232 1989 3270 p.
2017 3219 2135 3267 147).

283 3282 326 3332 5)
374 3280 441 3331 Cf.
490 3278 635 3320 Obertz'
675 3280 792 3322 Anu.
838 3277 941 3319 Ian.
975 3292 1014 3321 α.
1040 3280 1167 3330 1167,
1201 3279 1278 3322 SS.
1302 3278 1438 3330 XIX,
1477 3291 1523 3330 p.
1559 3279 1628 3328 74,
1661 3278 1688 3320 l.
1713 3281 1793 3320 31:
1826 3275 2007 3317 insidias
2042 3275 2135 3317 Ro-

282 3337 428 3378 manis
448 3340 708 3392 posuerunt3
731 3338 960 3380 Romoald.
985 3337 1157 3380 Salem.
1182 3339 1313 3388 Ama,
1346 3336 1401 3379 ib.
1419 3350 1466 3389 p.
1491 3338 1591 3387 436,
1618 3337 1644 3378 l.
1668 3338 1749 3379 22:
1772 3334 1929 3389 positis
1951 3333 2133 3378 insidiis.

284 3399 326 3438 6)
373 3396 439 3449 Cf.
473 3397 581 3439 Sall.
616 3397 707 3439 Cat.
742 3399 810 3448 60,
835 3399 884 3439 2:
926 3395 1019 3450 pila
1061 3395 1298 3448 omittunt,
1341 3394 1501 3449 gladiis
1542 3408 1613 3436 res
1649 3393 1833 3449 geritur.
1987 3395 2030 3446 7)
2067 3393 2133 3445 Cf.

281 3456 447 3507 Gotifr.
481 3456 641 3499 Viterb.
668 3456 799 3496 Gesta
821 3455 950 3499 Frid.
983 3468 1016 3498 c.
1040 3457 1109 3507 26,
1142 3469 1178 3498 v.
1204 3457 1313 3498 617:
1346 3452 1613 3494 tumulanda
1635 3455 1790 3494 vetant
1811 3453 1890 3503 (sc.
1917 3451 2134 3506 agmina).
2172 3464 2211 3495 45
