2377 3802
294 156 348 197 76
676 144 942 190 OTTONIS
974 143 1056 187 DE
1089 143 1135 189 S.
1167 143 1396 188 BLASIO
1431 143 1769 189 CHRONIGA.

293 305 476 366 atque,
531 298 678 349 sicut
728 296 1077 364 percepimus
1129 295 1197 346 ab
1250 295 1354 357 his,
1408 295 1505 362 qui
1553 296 1951 357 interfuerunt,
1995 295 2145 346 labo-

289 372 548 424 rantibus
588 371 758 422 variis
799 369 1168 436 languoribus
1207 385 1306 435 per
1337 369 1754 435 impositionem
1781 386 1980 419 manus
2022 385 2145 420 con-

289 446 428 497 tulit
480 445 799 506 sanitatem,
852 443 1092 494 reddens
1145 442 1290 493 cecis
1339 442 1523 493 visum
1543 441 1575 502 1,
1629 443 1813 493 surdis
1865 443 2143 502 auditum,

290 520 509 571 claudis
550 535 819 586 gressum,
861 516 1034 566 mutis
1074 516 1376 582 loquelam.
1456 515 1690 581 Hecque
1742 516 1819 567 sic
1859 515 2146 567 evidenter

289 599 346 645 et
388 594 735 645 confidenter
779 591 910 658 egit,
964 592 1029 641 ut
1079 590 1139 640 in
1191 589 1373 656 digito
1416 588 1559 640 Dei2
1611 589 1713 639 hec
1760 606 1888 640 eum
1927 588 2147 655 operari
2179 607 2199 638 5

288 685 404 718 non
445 666 817 717 dubitaretur.
898 663 1046 731 Ergo
1088 665 1207 713 tam
1238 662 1492 729 preclara
1517 664 1748 728 tamque
1775 661 1959 712 multa
1985 662 2145 712 mira-

292 741 419 791 cula
470 757 567 807 per
619 757 746 791 eum
787 738 941 789 Deus
994 737 1261 798 ostendit,
1314 739 1380 786 ut
1432 736 1682 802 antiquis
1723 735 1933 786 sanctis
1974 735 2145 786 omni-

290 815 471 865 modis
511 813 690 880 possit
730 813 789 862 in
831 813 937 862 hoc
981 811 1127 862 dono
1169 810 1278 862 Dei
1317 809 1647 877 equiperari.
1726 808 1858 859 Non
1897 825 2030 874 ergo
2070 810 2145 859 te-

290 905 438 939 mere
479 903 618 953 opus
659 885 1061 953 predicationis
1091 884 1410 951 assumpsit,
1453 883 1549 934 sed
1579 882 1924 934 auctoritate
1953 881 2146 932 domni

288 960 467 1027 pape3
507 960 1006 1026 episcoporumque
1046 960 1307 1025 precepto
1346 958 1416 1007 ad
1445 957 1552 1008 hoc
1582 956 1833 1018 accessit,
1877 971 2143 1016 asserem,
2176 975 2218 1005 10

289 1035 439 1100 quod
479 1033 646 1084 beata
684 1033 843 1099 virgo
882 1031 1067 1082 Maria
1119 1032 1225 1082 sibi
1276 1047 1549 1098 apparens
1597 1030 1668 1081 ad
1710 1031 1816 1080 hoc
1858 1046 1986 1080 eum
2027 1028 2145 1080 offi-

289 1108 439 1157 cium
479 1105 875 1156 informaverit
915 1107 987 1167 et,
1041 1107 1108 1154 ut
1146 1104 1520 1171 penitentiam
1560 1103 1769 1171 populo
1809 1103 2143 1170 predicaret,

288 1180 595 1231 admonens
637 1179 830 1229 datam
871 1178 977 1228 sibi
1017 1195 1049 1228 a
1089 1178 1210 1229 Deo
1252 1178 1495 1245 gratiam
1536 1176 1885 1228 sanitatum4
1923 1176 2145 1226 intima-

287 1254 386 1323 Y-st·
575 1252 764 1319 Igitur
814 1268 996 1318 pauca
1048 1252 1116 1302 de
1166 1251 1442 1318 pluribus,
1497 1251 1644 1302 sicut
1685 1249 2027 1302 Bertoldusa
2077 1250 2145 1300 de

289 1322 594 1379 Osinbercb
655 1325 966 1376 HainricoC
1029 1325 1253 1375 custodi
1306 1324 1736 1391 Argentinensis
1788 1323 2020 1375 ecclesie
2077 1322 2144 1374 de
2179 1341 2219 1372 15

288 1401 577 1467 Veringin,
618 1401 815 1466 postea
842 1398 1093 1450 eiusdem
1122 1397 1354 1449 ecclesie
1382 1397 1641 1464 episcopo
1660 1396 1693 1459 5,
1730 1396 2090 1464 transcripsit
2104 1392 2141 1456 d,

287 1475 383 1541 qui
430 1474 518 1525 his
558 1473 840 1535 interfuit,
894 1473 953 1522 in
1004 1472 1253 1523 medium
1304 1472 1680 1538 producentes
1730 1470 2144 1521 declarabimus

288 1549 359 1599 ad
401 1547 829 1608 ostendendum,
879 1563 1007 1597 cum
1048 1545 1205 1612 quali
1245 1545 1593 1596 confidencia
1633 1561 1697 1595 ea
1737 1546 2002 1611 operatus
2042 1545 2143 1595 est.

287 1621 497 1672 Allatis
551 1621 790 1687 denique
842 1620 914 1670 ad
967 1637 1094 1671 eum
1146 1619 1347 1682 mutis,
1403 1619 1552 1670 sicut
1602 1618 1753 1669 idem
1804 1617 2145 1669 Per‘toldusa

286 1695 466 1747 oculis
519 1695 633 1744 suis
684 1694 846 1754 vidit,
900 1711 997 1745 ora
1037 1693 1115 1744 eis
1157 1693 1411 1760 aperiens
1462 1691 1782 1743 insufflavit
1821 1691 2025 1758 eisque,
2079 1692 2145 1740 ut
2177 1709 2220 1740 20

287 1769 669 1835 loquerentur,
722 1767 1039 1835 imperavit.
1119 1765 1232 1830 Qui
1283 1767 1329 1818 si
1377 1766 1731 1833 aliquamdiu
1771 1766 2142 1826 morarentur,

287 1859 379 1894 eos
420 1843 479 1892 in
519 1841 810 1892 maxillam
853 1841 1118 1903 cedendO,
1165 1841 1327 1907 quasi
1365 1857 1463 1907 per
1502 1840 1617 1890 vim
1658 1839 1903 1906 Spiritus
1945 1838 2142 1899 sancti,

287 1916 518 1967 verbum
559 1915 629 1966 ab
671 1915 748 1966 eis
787 1915 1064 1966 violenter
1104 1915 1339 1965 extorsit
1372 1914 1678 1980 statimque
1705 1913 1999 1979 loquentes
2026 1913 2144 1963 red·

289 1990 452 2040 didit.
643 1987 902 2055 Contigit
952 2004 1173 2055 quoque
1220 2005 1348 2039 eum
1389 1988 1635 2054 quadam
1676 1987 1765 2038 die
1807 2003 1976 2037 causa
2015 2001 2143 2052 qua-

288 2064 419 2113 dam
460 2063 531 2114 ad
571 2079 759 2129 regem
800 2062 1036 2113 Francie
1081 2078 1327 2129 pergere,
1381 2061 1474 2113 cui
1524 2062 1881 2112 occurrentes
1932 2059 2144 2110 milites
2177 2079 2219 2110 25

287 2137 569 2204 quendam
610 2136 1024 2187 adolescentem
1076 2139 1381 2203 cognatum
1428 2152 1593 2186 suum
1635 2133 1880 2185 debilem
1923 2136 1980 2185 et
2021 2150 2143 2184 con-

285 2214 537 2262 tractum
589 2209 921 2261 obtulerunt
961 2212 1033 2271 et,
1087 2213 1152 2259 ut
1193 2209 1244 2261 ei
1283 2227 1514 2260 manum
1553 2209 1884 2275 imponeret,
1939 2206 2143 2274 suppli-

287 2284 427 2336 citer
466 2284 758 2352 pecierunt
774 2288 810 2332 θ.
891 2281 1044 2346 Quos
1084 2282 1182 2334 ille
1225 2283 1292 2335 de
1332 2281 1583 2350 pompali
1611 2281 1919 2332 admodum
1959 2297 2143 2347 super-

286 2358 509 2409 fluitate
550 2358 755 2409 acriter
793 2356 1205 2424 reprehendens
1240 2359 1549 2418 contracto,
1592 2357 1658 2406 ut
1686 2371 1828 2422 equo
1857 2371 1967 2421 quo
1996 2354 2143 2406 sede-

289 2432 385 2483 bat
427 2432 804 2493 descenderet,
846 2431 1163 2498 imperavit.
1241 2430 1445 2497 Itaque
1472 2446 1611 2496 puer
1651 2428 1880 2480 omnino
1923 2427 2141 2488 debilis,
2177 2445 2219 2477 30

410 2649 416 2654 .
464 2606 497 2642 a)
522 2601 745 2678 BZrtholdus
769 2604 801 2633 2.
916 2603 953 2641 b)
975 2602 1180 2633 Osinberch
1203 2602 1235 2632 2.
1352 2602 1384 2642 c)
1412 2601 1585 2632 Heinrico
1613 2602 1643 2632 2.
1760 2598 1797 2640 d)
1832 2599 2084 2639 transscripsit
2108 2601 2140 2632 2.

287 2656 319 2685 e)
345 2652 530 2687 petierunt
580 2670 586 2678 .

466 2794 507 2849 1)
551 2794 624 2835 Ad
665 2794 843 2834 verbum
888 2795 1083 2833 convenit
1128 2792 1355 2845 Riyordus
1397 2793 1427 2845 ἕ
1463 2793 1560 2842 120,
1608 2805 1647 2831 α.
1686 2792 1813 2843 1197,
1848 2805 1898 2845 p.
1934 2793 2042 2844 1393
2086 2792 2140 2844 cf.

287 2853 466 2893 Reineri
511 2853 641 2895 Leod.
690 2853 810 2895 Amz.
859 2864 898 2894 α.
935 2853 1070 2904 1198,
1116 2851 1194 2894 SS.
1227 2851 1368 2901 XVI,
1417 2865 1466 2903 p.
1502 2852 1607 2904 6543
1659 2848 1779 2893 C'Ont.
1823 2851 1977 2903 Aquis).
2021 2851 2048 2893 l.
2081 2862 2142 2903 c.;

286 2912 395 2964 Roy.
441 2912 491 2951 de
532 2911 735 2951 Hoveden
779 2911 805 2953 Z.
852 2924 884 2954 c,
961 2909 1026 2962 Cf.
1071 2909 1177 2952 Luc.
1220 2912 1260 2962 7,
1292 2911 1373 2960 213
1418 2909 1560 2952 Marc.
1595 2912 1634 2960 7,
1658 2911 1737 2963 37;
1783 2909 1944 2952 Matth.
1979 2910 2047 2960 15,
2071 2911 2139 2952 31.
2175 2922 2216 2954 35

287 2971 331 3024 2)
365 2970 470 3013 Luc.
497 2972 564 3021 11,
588 2972 669 3013 2οε
713 2968 748 3009 si
791 2968 839 3009 in
879 2967 1021 3022 digito
1065 2966 1149 3009 Dei
1192 2967 1303 3010 eicio
1341 2966 1591 3011 daemonia.
1744 2970 1789 3023 3)
1823 2968 1977 3021 Albr.‚·
2021 2967 2140 3010 Cont.

285 3031 466 3081 Aqm'c.‚·
508 3028 845 3070 Villehardouz‘n
875 3029 905 3080 ᾧ·
932 3029 958 3070 2
991 3027 1213 3080 (Bouquet
1242 3027 1428 3080 XVIII,
1464 3041 1512 3080 p.
1546 3028 1682 3081 432);
1727 3026 1888 3070 Chron.
1931 3027 2140 3067 Laudun.

286 3087 331 3142 4)
368 3090 405 3130 1.
431 3086 530 3128 Cor.
557 3090 625 3139 12,
651 3089 700 3130 9:
736 3085 904 3140 (datur)
938 3085 1013 3126 alii
1043 3085 1190 3140 gratia
1210 3085 1452 3127 sanitatum
1475 3085 1522 3127 in
1544 3099 1633 3127 uno
1656 3085 1830 3140 spiritu.
1952 3088 2001 3133 5)
2023 3085 2143 3126 Sedit

286 3147 515 3198 episcopus
557 3160 597 3189 α.
634 3146 955 3196 1202-1223;
1000 3146 1191 3186 occurrit
1235 3150 1377 3187 custos
1419 3148 1628 3197 (waimis
1668 3145 1888 3196 ecclesiae)
1931 3157 1972 3184 α.
2013 3145 2139 3194 1181,

286 3205 336 3248 P.
380 3205 626 3256 lVentwlce,
676 3205 773 3244 ‘Die
813 3204 1021 3257 Reyesten
1066 3205 1145 3244 der
1186 3204 1393 3256 Bischb'fe
1433 3217 1516 3245 von
1558 3203 1849 3256 Strassbury'
1892 3203 1925 3243 I
1965 3203 2138 3255 (1908),
2172 3216 2215 3246 40

288 3277 356 3307 nr.
384 3265 481 3317 608,
516 3269 567 3316 et,
600 3277 695 3305 cum
727 3263 893 3303 medius
916 3262 1211 3304 Eberhardus
1243 3264 1292 3304 de
1313 3263 1566 3316 Iunyinqen
1597 3263 1850 3314 intercedat,
1882 3273 2059 3311 rursus,
2092 3264 2140 3299 ut

288 3323 472 3375 videtur,
508 3336 547 3366 a.
575 3323 886 3372 1190-1201,
919 3321 974 3365 ib.
1008 3335 1077 3365 nr.
1103 3323 1203 3366 661.
1237 3323 1334 3366 667.
1370 3323 1468 3365 686.
1503 3323 1600 3365 707.
1636 3323 1733 3364 713.
1769 3322 1865 3363 714.
1901 3321 1998 3362 724.
2034 3320 2137 3369 7263

285 3384 340 3432 cf.
387 3381 499 3424 (ΠΒ.
545 3381 624 3422 der
666 3381 795 3422 Stadt
833 3381 1122 3433 Strassbury’
1160 3381 1199 3432 Ι,
1236 3394 1285 3433 p,
1322 3382 1418 3432 103,
1463 3393 1505 3423 n.
1543 3381 1591 3431 13
1637 3392 1677 3422 a.
1704 3380 1829 3422 1202.
1855 3378 2141 3430 praepositus

289 3440 405 3491 ‘Rea
438 3440 479 3483 d.
513 3441 565 3483 B.
598 3454 634 3483 v.
669 3439 886 3481 Strassb!
920 3453 991 3481 nr.
1015 3442 1113 3483 727.
1148 3441 1233 3483 730
1264 3444 1487 3492 (praepos.
1521 3439 1667 3479 maior
1699 3441 1735 3478 et
1766 3450 1799 3480 s.
1841 3435 2068 3483 Thomae).
