2377 3802
306 126 361 168 38
682 115 952 161 OTTONIS
983 115 1064 158 DE
1097 114 1142 160 S.
1176 114 1405 159 BLASIO
1437 114 1776 160 OHRONICA.

161 278 285 321 1184.
306 272 502 322 domus
554 267 872 335 principum
923 265 1346 333 procerissimea
1404 268 1727 318 constructe
1783 269 1916 317 sunt
1954 266 2013 316 in
2055 266 2152 317 cir-

305 344 478 402 cuitU,
533 339 772 408 singulis
824 339 896 390 ad
943 333 1387 390 ostendendamb
1443 355 1541 390 sue
1595 339 1892 406 dignitatis
1943 339 2152 405 magni-

304 415 593 467 ficenciam
654 415 913 480 sumptus
973 411 1433 463 ambiciosissime
1492 412 1933 464 conferentibus.
2027 411 2152 463 Pre-

301 493 458 540 terea
509 487 805 539 tentoriisc
860 484 1353 537 diversicoloribus
1403 501 1703 536 numerum
1749 485 2152 537 excedentibus

304 562 520 618 erectis,
568 560 726 612 velut
766 559 1010 609 maxima
1050 558 1281 609 civitate
1323 560 1664 619 constructa,
1715 561 1841 609 tota
1879 558 2153 626 planicies
2185 575 2204 606 5

304 635 566 695 ambitur,
611 632 898 699 nichilque
939 632 1032 683 hic
1073 631 1144 682 ad
1178 631 1587 682 ostendendam
1615 632 1902 683 mundane
1931 631 2152 683 miserie

305 708 539 776 gloriam
566 706 963 757 habundancia
984 704 1335 765 victualium,
1365 705 1643 755 varietate
1665 704 1924 765 vestium,
1953 704 2152 755 falera-

303 781 509 832 mentis
551 797 837 846 equorum,
881 778 1260 830 delectatione
1288 777 1738 845 spectaculorum
1779 777 1980 837 defuit,
2022 777 2153 828 filiis

303 855 470 904 huius
512 853 685 904 seculi
714 852 1023 919 prudencia
1063 869 1180 913 sua,
1222 869 1328 918 que
1368 849 1606 902 stulticia
1645 855 1720 902 est
1759 851 1902 915 apud
1928 849 2151 911 Deuml,

303 929 359 977 in
401 926 766 993 generatione
808 942 910 975 sua
950 925 1337 976 abutentibus.
1419 923 1583 988 Quod
1612 925 1864 975 evidenti
1903 919 2155 974 indiciod
2188 941 2229 971 10

305 1001 494 1050 divina
546 999 809 1066 potencia
858 999 1053 1048 futura
1107 998 1430 1065 presagiens
1483 998 1909 1049 demonstravit.
2006 997 2154 1047 Nam

304 1090 457 1123 sacre
499 1072 680 1122 noctis
700 1072 718 1101 2
758 1071 1090 1138 crepusculo
1117 1074 1321 1122 ventus
1349 1071 1730 1122 validissimus
1759 1071 1828 1122 ab
1858 1071 2154 1122 occidente

303 1149 459 1196 ortus
500 1144 715 1212 palatio
755 1145 1114 1211 imperatoris
1155 1145 1460 1196 oratorium
1506 1145 1624 1196 eius
1654 1145 1985 1211 contiguum
2017 1143 2153 1193 mul-

300 1222 470 1285 taque
500 1218 612 1268 alia
649 1218 886 1279 edificia,
915 1217 1375 1269 inhabitantibus
1414 1218 1507 1268 vix
1535 1218 1921 1279 evadentibus,
1962 1217 2153 1268 fundi-

301 1295 392 1342 tus
447 1291 651 1342 evertit
703 1291 1058 1357 maximoque
1109 1293 1322 1342 terrore
1374 1291 1690 1358 percuISOS,
1739 1294 1805 1341 ut
1845 1308 1988 1358 pene
2029 1290 2153 1342 loco
2189 1307 2228 1338 15

303 1366 613 1425 cessissent,
657 1381 850 1415 omnes
891 1364 1222 1415 dubitantes
1262 1365 1529 1415 reddidit.
1609 1363 1772 1427 Quod
1821 1381 1853 1414 a
1893 1364 2154 1431 sapienti-

302 1439 404 1489 bus
426 1455 536 1489 non
561 1455 661 1505 pro
700 1437 847 1489 bono
876 1437 1061 1488 omine
1090 1440 1415 1504 susceptum
1445 1438 1524 1489 eis
1552 1438 1779 1488 omnino
1809 1437 2101 1504 displicuit
2118 1438 2152 1486 3.

165 1532 280 1561 am».
302 1511 563 1562 Crastina
613 1512 806 1578 itaque
858 1527 1016 1562 sacra
1069 1511 1158 1561 die
1211 1528 1334 1561 cum
1380 1512 1623 1561 maxima
1664 1511 1857 1561 leticia
1897 1510 2153 1577 sollemp-

300 1586 450 1635 niter
515 1584 800 1636 celebrata
866 1584 1271 1650 exquisitisque
1331 1585 1601 1635 conviviis
1667 1584 2153 1651 sumptuosissime

166 1678 245 1707 (022
274 1658 567 1709 ‚exhibitis
596 1657 838 1724 gloriose
871 1659 1116 1724 peracta,
1147 1657 1324 1708 feriae
1348 1658 1597 1708 secunda
1626 1658 1922 1709 celebratis
1951 1654 2152 1709 manes
2186 1674 2228 1704 20

301 1732 593 1781 missarum
636 1731 1020 1798 sollempniisg
1050 1731 1153 1780 filii
1180 1731 1536 1798 imperatoris
1578 1725 1918 1782 Heinricush
1961 1748 2057 1782 rex
2097 1733 2153 1782 et

302 1805 585 1855 Fridricus
637 1805 750 1854 dux
799 1804 967 1854 armis
1014 1805 1289 1871 precincti
1342 1804 1690 1871 militarique
1742 1804 1991 1872 palestra
2044 1804 2152 1855 ala-

300 1878 469 1929 criter
502 1872 824 1928 exercitatii
878 1877 1085 1928 milicie
1120 1877 1412 1945 cingulum
1452 1880 1830 1945 sumpserunt,
1871 1879 2152 1929 tractatis-

299 1967 406 2017 que
449 1951 682 2001 diversis
732 1951 953 2017 imperii
1007 1951 1076 2001 ab
1129 1951 1468 2018 imperatore
1518 1952 1769 2023 negociis
1816 1956 2020 2018 quarta
2061 1952 2151 2002 die

300 2025 369 2074 ad
412 2024 639 2091 propria
680 2041 805 2075 cum
849 2025 1056 2090 gaudio
1098 2028 1467 2076 recesserunt.
2185 2040 2227 2072 25

477 2102 560 2147 27.
643 2098 806 2148 Anno
875 2098 1155 2149 dominice
1226 2098 1635 2149 incarnationis
1700 2097 2149 2149 MOCOLXXXV.

248 2169 506 2221 ''Lucius
548 2188 694 2238 papa
728 2171 844 2221 vita
874 2171 1114 2222 decessit
1128 2167 1166 2233 k,
1211 2172 1373 2238 eique
1405 2172 1665 2223 Urbanus
1695 2172 1836 2221 IIIus
1865 2172 2149 2234 successit,

298 2244 355 2293 in
397 2244 593 2294 ordine
637 2244 1094 2295 OUSLXXUSIIIUS.
1267 2245 1477 2296 Eodem
1521 2262 1670 2296 anno
1713 2245 1943 2296 Beatrix
1982 2245 2152 2313 impe·

211 2314 234 2348 ¹2
271 2317 475 2367 ·ratrix
516 2317 693 2368 obiit4
735 2320 791 2368 et
833 2318 983 2385 apud
1023 2318 1217 2369 urbem
1263 2318 1484 2386 Spiram
1513 2319 1799 2385 regalibus
1828 2315 2146 2386 obsequiisl

299 2393 559 2458 presente
601 2390 872 2442 Heinrico
912 2408 1044 2458 rege
1087 2391 1204 2443 filio
1245 2409 1345 2443 suo
1387 2393 1638 2444 officiose
1681 2392 1950 2459 sepelitur
1967 2393 2000 2443 5.
2185 2407 2225 2438 30

473 2550 505 2585 a)
531 2548 819 2586 pretiosissimae
849 2548 1075 2580 Ussermann.
1168 2550 1204 2588 b)
1230 2548 1498 2580 ostendandam
1523 2550 1555 2580 2.
1658 2551 1690 2589 c)
1718 2550 1876 2580 tentoria
1902 2551 1933 2580 2.
2035 2548 2073 2585 d)
2097 2551 2150 2580 iu-

297 2590 392 2622 dicio
418 2592 449 2621 ⁶2.
532 2601 563 2629 0)
591 2593 647 2622 fra
674 2594 703 2622 1.
784 2593 813 2631 f)
838 2601 945 2623 mane
970 2602 1037 2623 om.
1066 2595 1096 2623 ἱ).
1183 2594 1217 2631 g)
1235 2594 1343 2632 prins
1367 2594 1412 2624 -i-
1437 2594 1509 2623 alia
1535 2603 1641 2623 manu
1665 2595 1782 2632 suppl.
1812 2596 1841 2624 1.
1929 2594 1965 2630 11)
1983 2594 2096 2624 Henr.
2118 2596 2148 2626 2.

297 2636 519 2709 iivefc'citati
546 2637 576 2666 ἱ).
702 2636 739 2675 k)
774 2635 950 2667 descessit
975 2639 1006 2668 1.
1134 2637 1158 2677 1)
1192 2638 1242 2668 ita
1267 2639 1298 2668 1.
1327 2639 1358 2678 2,
1392 2638 1440 2675 cf.
1475 2647 1587 2676 supra
1621 2647 1648 2669 c.
1675 2639 1707 2678 4,
1727 2648 1767 2676 p.
1787 2638 1821 2677 5,
1850 2639 1871 2671 l.
1891 2639 1952 2676 103
1987 2639 2151 2676 exequii÷

333 2689 368 2709 rs
387 2689 426 2709 13.

476 2811 516 2865 1)
563 2814 599 2854 1.
634 2812 728 2854 Gor.
765 2814 804 2863 37
831 2814 904 2855 19:
939 2811 1170 2866 Sapientia
1204 2812 1322 2855 enim
1354 2812 1485 2854 huius
1517 2811 1674 2854 mundi
1707 2813 1899 2854 stultitia
1932 2816 1998 2855 est
2030 2813 2150 2868 apud
2183 2828 2223 2860 35

296 2867 464 2919 Deum3
497 2869 602 2912 Luc.
629 2871 765 2922 16,8:
799 2869 902 2911 Filii
933 2869 1063 2911 huius
1098 2871 1264 2912 saeculi
1285 2871 1597 2925 prudentiores
1618 2870 1721 2913 filiis
1744 2872 1854 2914 lucis
1886 2872 1932 2913 in
1963 2886 2149 2927 genera·

296 2926 418 2968 tione
451 2940 530 2968 sua
562 2932 676 2970 sunt.
799 2932 842 2983 2>
876 2930 1016 2970 Immo
1047 2931 1115 2970 die
1137 2931 1304 2971 Martis
1328 2935 1432 2984 post
1454 2935 1737 2983 pentec-osten,
1773 2933 1821 2972 id
1842 2936 1901 2972 est
1923 2935 1992 2975 22.
2016 2933 2146 2983 Maii,

296 2998 447 3025 versus
468 2999 715 3040 vesperum5
747 2989 802 3038 cf.
826 2988 879 3031 Β.
903 2988 952 3029 de
973 2988 1147 3029 Simson
1178 2990 1300 3042 apud
1334 2989 1616 3043 Gz‘esebrecht,
1649 2990 1825 3034 ‘DKZ’
1866 2990 1950 3041 VI,
1976 3004 2024 3043 p.
2049 2991 2147 3034 604.

297 3046 340 3095 3)
379 3044 443 3096 Cf.
477 3046 662 3085 Arnold.
696 3046 805 3089 Luh.
839 3046 930 3098 III,
966 3050 1017 3091 11
1043 3049 1146 3099 fin:
1188 3047 1280 3088 sive
1323 3061 1379 3089 ex
1423 3047 1594 3089 incuria
1639 3047 1862 3090 artificum
1905 3048 2034 3090 ruina
2070 3048 2149 3089 illa

297 3100 417 3142 facta
449 3102 517 3156 sit,
552 3103 643 3144 sive
676 3103 921 3146 secundum
953 3106 1386 3148 coniecturationem
1421 3105 1700 3160 quorundam
1745 3106 1961 3148 maiorem
1996 3120 2146 3149 casum
2180 3121 2222 3151 40

296 3159 599 3215 portenderit,
654 3162 757 3215 quia
809 3177 898 3204 non
950 3164 1086 3219 longo
1133 3167 1338 3218 tempore
1385 3169 1485 3219 post
1533 3166 1797 3219 imperatrix
1843 3169 2022 3207 mortua
2069 3170 2146 3209 est.

295 3219 340 3270 4)
378 3221 430 3261 A.
469 3221 593 3263 1185.
638 3222 737 3262 item
772 3235 1007 3275 perperam
1039 3224 1197 3264 habent
1229 3223 1390 3267 Chron.
1425 3226 1551 3277 reyz'a
1584 3225 1728 3267 Colon.
1755 3238 1802 3277 p.
1829 3227 1926 3268 134.
1960 3229 1996 3264 et
2026 3226 2144 3267 Ann.

296 3276 419 3319 Stati.
464 3277 540 3320 SS.
576 3279 710 3329 XVI,
750 3295 796 3333 p.
832 3283 930 3324 351.
1098 3282 1142 3334 ὃ)
1189 3283 1310 3332 Quod
1353 3297 1393 3323 a.
1430 3285 1556 3327 1185.
1601 3284 1715 3335 Any.
1750 3285 1818 3326 28.
1863 3284 2029 3334 factum
2059 3296 2148 3324 esse

297 3335 490 3389 videtm·;
532 3339 584 3388 cf.
630 3338 795 3381 Necrol.
842 3339 962 3392 Spir,
1007 3342 1067 3381 ed.
1114 3341 1302 3393 Reimer,
1351 3341 1574 3384 ‘Zeitsclnn
1613 3343 1645 3393 f.
1679 3342 1720 3384 d.
1758 3341 1905 3384 Gesch.
1940 3342 1982 3386 d.
2017 3341 2146 3383 Ober-

296 3393 465 3434 rheins‘
500 3395 682 3449 XXVI,
719 3399 844 3450 1874,
872 3412 918 3451 p.
942 3401 1052 3450 436;
1096 3399 1174 3442 Th.
1205 3400 1374 3453 Toeche,
1409 3400 1588 3441 ‘Kaiser
1609 3400 1827 3440 Heinrich
1855 3400 1947 3440 VL’
1973 3413 2023 3453 p.
2047 3401 2145 3443 637.
2177 3412 2221 3444 45
