2351 3802
46 319 102 358 *μ
121 319 197 352 307.

141 975 181 1005 10

137 1341 178 1372 15

133 1711 176 1741 20

132 2079 175 2110 25

131 2449 173 2480 30

131 2799 172 2831 35

128 3114 172 3145 40

128 3409 172 3441 45

601 138 870 183 OTTONIS
903 140 985 184 DE
1018 141 1062 186 S.
1096 141 1326 186 BLASIO
1361 141 1701 188 CHRONICA.
2050 147 2077 190 9

392 287 463 342 '‘8.
544 292 711 342 Anno
765 292 1045 343 dominice
1104 293 1514 345 incarnationis
1577 293 1922 345 M0COL0V10
1976 301 2073 360 epi·
2096 308 2221 350 1156.

217 383 403 430 scopus
432 369 817 416 Lundoniensis
834 365 907 395 Μ
948 383 1076 417 011111
1114 367 1358 432 quodam
1400 367 1512 418 alio
1554 368 1814 435 episcopo
1856 368 2076 435 collega
2094 365 2320 440 ka-'ril'f''

216 439 351 489 suo2
391 458 420 489 a
460 444 697 489 Romana
748 444 889 490 curia
930 445 1177 490 recedens
1225 436 1320 490 acb
1361 457 1459 505 per
1502 440 1891 507 Burgundiam
1936 461 2074 506 repa·

215 517 421 562 triando
472 518 571 563 iter
620 517 818 563 faciens
860 532 889 563 a
930 518 1243 578 quibusdam
1295 519 1497 577 capitur
1536 519 1792 579 rebusque
1833 521 2074 565 omnibus

215 591 514 636 denudatus
567 592 696 637 lucri
747 586 952 651 gratia-²³
991 592 1043 636 in
1084 591 1379 636 custodiam
1420 592 1667 646 mittitur,
1710 592 2074 638 dissimulante

213 665 523 724 imperatore
564 666 1042 725 querimoniamque
1082 678 1174 724 pro
1215 664 1312 708 hac
1353 678 1404 709 re
1451 665 1879 724 parvipendente.
1962 666 2076 723 Qua
2157 719 2173 728 ν

215 739 278 784 de
319 752 477 784 causa
517 737 775 784 domnus⁰
812 738 1128 797 apostolicus
1170 737 1370 797 legatos
1411 732 1570 782 suos4
1609 738 1676 782 ad
1709 738 2074 798 imperatorem
2094 718 2221 811 {9103}

213 813 373 857 misit.
455 811 555 869 Qui
594 802 932 866 Bisuntumd,
975 810 1064 855 ubi
1102 810 1398 870 generalem
1439 812 1636 856 curiam
1672 814 1798 858 tunc
1826 814 2075 873 temporis
2205 801 2212 809 ⁸

212 886 494 946 imperator
543 885 787 939 habebat,
837 884 1111 929 venientes
1164 884 1364 929 litteras
1416 885 1729 944 apostolicas
1777 887 2075 946 imperatori

213 973 386 1005 coram
437 958 758 1019 principibus
809 960 1201 1017 representant,
1256 959 1311 1002 in
1363 958 1550 1018 quibus
1602 973 1694 1019 pro
1747 960 2076 1006 dissimulata

212 1033 561 1093 captivatione
619 1030 1046 1076 Lundoniensisa
1104 1032 1332 1091 episcopi
1390 1032 1740 1092 redargutuse
1798 1034 2072 1094 imperium

211 1106 275 1151 de
325 1120 487 1150 manu
545 1105 815 1165 apostolici
874 1119 928 1150 se
986 1106 1243 1164 recepisse
1302 1106 1631 1152 admonetur.
1730 1106 1843 1164 Quo
1895 1109 2074 1154 audito

210 1180 491 1239 imperator
531 1182 583 1224 et
622 1193 802 1225 omnes
843 1181 1112 1238 presentes
1154 1180 1411 1240 principes
1452 1181 1682 1226 maxima
1714 1182 2075 1241 indignatione

211 1253 430 1309 accensi,
473 1253 613 1313 quod
653 1253 802 1313 quasi
840 1253 951 1298 iure
992 1252 1228 1298 beneficii
1269 1254 1365 1299 sub
1399 1254 1629 1299 hominio
1658 1269 1888 1300 cesarem
1918 1257 2075 1316 impe-

209 1327 344 1371 rium
402 1341 433 1372 a
492 1341 546 1372 se
606 1327 900 1386 suscepisse
959 1341 1093 1386 papa
1158 1328 1483 1388 gloriaretur,
1545 1332 1597 1373 et
1655 1343 1774 1374 cum
1833 1330 2074 1375 clamoris

210 1401 437 1445 maximo
478 1401 702 1461 strepitu
741 1401 794 1445 in
834 1401 1033 1461 legatos
1073 1401 1267 1447 invecti
1307 1402 1393 1446 vix
1420 1402 1664 1447 manibus
1691 1403 2072 1463 temperabant,

207 1474 484 1535 indignum
531 1474 781 1520 ducentes
821 1475 917 1519 tali
956 1478 1263 1535 contemptu
1303 1476 1565 1521 Romanos
1605 1477 1825 1536 gloriari.
1924 1477 2074 1523 Unus

208 1551 387 1594 autem
437 1549 731 1609 legatorum
782 1549 930 1609 quasi
980 1563 1072 1608 pro
1128 1550 1410 1609 apostolico
1461 1550 1678 1610 loquens
1738 1551 2074 1597 stolidissime

208 1622 289 1667 his
330 1623 405 1667 ita
444 1623 738 1683 respondit:
804 1619 873 1667 ‘Si
914 1635 1036 1682 ergo
1077 1637 1107 1668 a
1149 1615 1375 1669 domnot
1426 1624 1710 1684 apostolico
1751 1639 1855 1670 non
1896 1625 2072 1680 habet,

208 1710 237 1740 a
279 1710 379 1756 quo
419 1693 631 1742 habet‘P‘
726 1695 927 1753 Quibus
978 1697 1150 1742 verbis
1197 1701 1490 1743 commotus
1532 1697 1657 1743 Otto
1698 1699 1961 1757 palatinus
2009 1699 2073 1744 de

208 1764 677 1827 Witilinsbachg,
720 1765 818 1832 qui
857 1765 1111 1832 gladium
1155 1767 1470 1817 maiestatis
1509 1767 1841 1834 imperatori
1881 1770 2071 1818 astans

206 1839 458 1899 tenebat,
513 1840 634 1906 ipso
683 1844 859 1904 gladio
911 1845 1186 1905 evaginato
1237 1846 1438 1927 impetu
1478 1847 1531 1890 in
1572 1846 1891 1891 cardinalem
1931 1846 2072 1892 facto

206 1918 293 1962 Vix
350 1907 451 1962 abh
515 1918 825 1977 imperatore
891 1921 1126 1964 retentus
1185 1923 1281 1973 est,
1349 1919 1473 1979 quin
1533 1920 1693 1965 exicio
1752 1921 2072 1965 cardinalem

207 1991 424 2036 dederit.
503 1992 740 2037 Tandem
781 1992 962 2037 multis
1001 1992 1203 2038 iniuriis
1243 1994 1530 2053 impetiti-e.
1558 1997 1842 2053 conspectu
1881 1995 2070 2039 cesaris

206 2065 543 2110 eliminantur
595 2066 992 2126 divertendiquc
1043 2067 1111 2112 ad
1163 2068 1425 2128 episcopia
1475 2068 1558 2136 vel
1599 2067 1814 2113 cenobia
1855 2071 2071 2128 questus

206 2140 374 2199 gratia
414 2139 683 2185 occasione
725 2140 936 2185 omnino
975 2140 1255 2186 interdicta
1294 2142 1379 2186 via
1405 2127 1590 2223 regia.i
1631 2141 1853 2187 Romam
1880 2143 2072 2187 reverti

204 2213 468 2259 iubentur.
573 2212 674 2271 Qui
731 2228 818 2259 rex
824 2215 926 2259 ersi
984 2215 1269 2274 apostolico
1326 2215 1572 2260 iniuriam
1631 2216 1730 2260 sibi
1787 2216 2071 2276 irrogatam

204 2290 594 2347 conqueruntur
653 2302 810 2348 seque
868 2288 955 2332 vix
1014 2292 1236 2334 mortem
1296 2290 1525 2335 evasisse
1584 2291 1862 2350 protestati
1928 2293 2068 2335 sunt.

203 2361 493 2421 Imperator
550 2364 729 2407 autem
788 2362 962 2406 missis
1020 2362 1208 2408 litteris
1267 2363 1321 2407 in
1380 2377 1562 2408 omnes
1621 2364 1768 2423 regni
1818 2364 2069 2409 terminos

204 2436 406 2480 cunctis
447 2435 768 2496 principibus
819 2436 1103 2496 irrogatam
1154 2437 1371 2497 imperio
1412 2451 1442 2482 a
1481 2451 1618 2497 papa
1658 2440 1709 2482 et
1748 2451 1779 2482 a
1818 2437 2067 2483 Romanis

203 2509 523 2554 calumniam
564 2512 880 2570 conquestus
923 2513 1003 2555 est
1043 2514 1095 2556 et
1135 2505 1314 2556 ulcisci
1363 2511 1589 2557 dedecus
1630 2511 1835 2570 imperii
1874 2526 2065 2556 summ-

204 2597 355 2642 opere
394 2584 596 2630 nititur.

381 2707 415 2746 a)
441 2705 715 2739 Lundouicnsis
740 2710 791 2739 2.>
867 2710 902 2747 b)
928 2718 948 2739 a
973 2708 1005 2739 2.
1099 2707 1282 2748 0)(’1011111Ὗ
1309 2710 1382 2739 (ιῖιό
1409 2712 1539 2740 atram.
1566 2713 1651 2740 avaut.
1679 2709 1825 2741 domiu⁹
1850 2711 1888 2750 13
1917 2708 2010 2741 don⁹
2035 2704 2072 2740 2(

205 2748 241 2790 d)
266 2750 453 2782 bisuntum
478 2752 552 2781 alio
578 2756 706 2783 atram.
734 2757 819 2784 mut.
846 2754 1048 2785 bisuntium
1074 2755 1106 2784 1.
1168 2756 1200 2793 e)
1227 2752 1431 2793 redargutus
1458 2756 1495 2794 13
1523 2752 1760 2792 redarguitur
1785 2756 1818 2786 2.
1882 2756 1907 2792 f)
1935 2755 2068 2785 domno

203 2795 274 2825 alio
299 2798 429 2825 atram.
454 2799 540 2826 mut.
567 2794 716 2828 domino
742 2800 780 2835 1;
809 2797 906 2829 (16110
933 2799 964 2828 2.
1069 2801 1102 2836 g)
1130 2799 1392 2829 Wintilisbaeh
1418 2799 1450 2830 2.
1555 2799 1592 2838 h)
1618 2799 1698 2838 ipso
1724 2800 1807 2829 (cdd.
1841 2799 2066 2829 Uswrmann.

203 2839 230 2890 1)
243 2842 355 2922 trenta
378 2839 442 2914 {isa
464 2840 608 2914 Ξῗέἶειο.
635 2842 678 2872 G.
704 2842 808 2874 Fricl.
835 2842 914 2881 III,
942 2843 995 2883 10,
1022 2851 1066 2873 ex
1088 2843 1214 2882 quibus
1237 2843 1332 2873 hunc
1355 2844 1469 2874 locum
1494 2843 1691 2873 emendavit
1715 2843 1762 2873 H.
1790 2844 1908 2881 Kohl;
1935 2844 1994 2874 sed
2018 2844 2067 2882 cf.

204 2892 239 2913 m
263 2892 305 2913 ra
322 2892 364 2921 Ρ.
428 2907 438 2921 ,
482 2905 489 2913 .
555 2907 563 2914 .

384 2987 425 3042 1)
460 2989 662 3031 Eskillus
693 2990 1047 3044 archiepiscopus
1077 2992 1341 3035 Lundensis.
1405 2992 1472 3032 De
1492 2997 1682 3045 tempore
1702 2992 1756 3043 cf.
1790 2991 1848 3035 H.
1872 2992 2068 3034 Simons-

203 3046 306 3097 feld,
341 3046 640 3088 ‘Jahrbzicher
669 3049 744 3091 des
773 3049 1020 3091 Deutschen
1052 3050 1234 3091 Reiclzes
1264 3055 1395 3091 «tenter
1424 3050 1663 3093 Friedrich
1691 3050 1730 3093 Ι,
1735 3050 1747 3068 ’
1779 3050 1818 3098 I,
1835 3064 1882 3104 Ρ.
1906 3052 2006 3102 498,
2023 3066 2065 3096 n,

204 3107 247 3156 2)
280 3106 538 3146 Alexander
573 3120 702 3160 ΡαΡα
743 3107 837 3151 ΙΙΙ.
871 3110 932 3148 ad
974 3111 1044 3150 Ar
1045 3110 1223 3161 nulfum
1266 3112 1392 3164 episc.
1425 3110 1600 3163 Leoeov.‚
1633 3109 1786 3162 Jaffe'-
1802 3109 2065 3163 Lo'zienfeld,

203 3164 307 3217 Rey
341 3164 467 3208 Pont.
502 3177 572 3208 m.
600 3167 752 3209 10627
784 3167 843 3219 (1.
866 3168 1017 3220 April.
1042 3170 1205 3217 1160).·
1236 3167 1617 3234 Archiepiscopos
1648 3181 1844 3222 namque
1887 3171 1932 3210 et
1975 3169 2065 3223 epi-

203 3236 363 3277 scopos
404 3237 429 3264 a
471 3222 575 3265 sede
628 3224 875 3290 apostolica
925 3225 1165 3267 redeuntes
1211 3226 1259 3267 in
1305 3226 1603 3282 ignominiam
1651 3229 1696 3267 et
1742 3226 2067 3269 detrimentum

204 3281 419 3324 ecclesiae
460 3282 728 3337 plerumque
767 3282 868 3349 capi
908 3283 1105 3337 turpiter
1145 3287 1189 3326 et
1233 3284 1468 3327 inhoneste
1499 3284 1732 3340 praecepit
1764 3299 1928 3339 eosque
1958 3285 2066 3328 fecit

203 3340 395 3382 carceris
428 3340 658 3383 custodiae
691 3341 940 3396 mancipari
961 3345 1040 3395 (sc.
1062 3342 1324 3384 Fridericzcs
1344 3357 1484 3397 impe?
1487 3346 1621 3392 ator)
1743 3344 1789 3397 3)
1821 3345 1905 3387 Tit.
1932 3346 1970 3397 1,
1997 3346 2064 3388 11.

205 3402 242 3443 1.
261 3400 379 3444 Petr.
403 3402 443 3454 5,
460 3403 507 3444 2:
539 3400 684 3455 turpis
705 3400 818 3442 lucri
840 3399 998 3455 gratia.
1090 3403 1136 3454 4)
1163 3402 1437 3453 RolamZum,
1450 3406 1609 3455 postea
1631 3401 1945 3443 Aleaeandrum
1967 3402 2063 3447 III.

198 3472 380 3513 papam,
414 3464 451 3500 et
482 3460 803 3501 Bernhardum
829 3460 1107 3514 presbyteros
1137 3461 1401 3504 cardinales.
