2377 3802
370 108 425 150 14
749 100 1019 144 OTTONIS
1051 99 1131 143 DE
1164 99 1209 145 S.
1243 99 1472 145 BLASIO
1505 101 1847 146 CHRONIGA.

367 253 673 320 Iosephum
713 254 941 303 secutus
982 269 1014 302 a
1053 251 1312 302 Iohanne
1353 251 1606 304 Hircano
1651 269 1829 320 usque
1870 253 1942 304 ad
1982 269 2220 320 regnum

367 327 611 377 Herodis
651 325 1127 392 nativitatemque
1170 324 1384 375 Christi
1425 326 1738 392 hystoriam
1779 327 2013 379 deducit
2055 343 2219 378 euan-

364 400 625 466 gelioque
678 399 970 466 complexo
1020 400 1082 449 in
1120 398 1364 449 Actibus
1416 399 1801 466 apostolorum
1853 417 1992 468 opus
2031 403 2220 452 totum

365 472 681 534 concludit,
742 472 982 524 obscura
1034 488 1253 539 queque
1306 471 1680 535 dilucidans²‚
1742 473 2011 542 ambigua
2065 477 2221 525 certa

363 547 596 608 facienS,
637 547 1092 613 tradicionesque
1134 545 1449 597 Hebraicas
1497 563 1623 597 cum
1663 547 1997 598 incidenciis
2035 547 2218 615 hysto-
2254 562 2273 592 5

361 621 573 670 riarum
633 622 797 671 notas
854 620 1070 672 faciens
1130 619 1643 671 ecclesiasticarum
1701 620 2084 671 tradicionum
2143 621 2219 672 di-

362 710 549 745 versas
608 694 820 761 species
877 694 1117 745 inducit.
1213 693 1412 745 Preter
1470 693 1574 744 hec
1633 692 1842 744 librum
1897 711 2218 746 sermonum

363 767 505 818 inira
563 767 887 818 subtilitate
947 767 1266 834 composuit
1284 766 1317 829 1,
1377 767 1438 817 in
1488 784 1598 834 quo
1648 769 1838 834 preter
1890 767 2003 818 alia
2051 767 2220 818 utilia

363 840 744 892 moralitatem
797 841 1085 892 mentibus
1137 841 1457 908 legencium
1499 841 1642 892 miro
1683 842 1850 892 modo
1890 840 2218 892 inculcavit.

82 940 124 971 G,
138 941 199 971 Fr,
212 941 343 978 mm,
516 913 626 964 ²³13.
668 915 834 965 Anno
864 915 1145 966 dominice
1171 915 1587 966 incarnacionis
1613 913 1964 965 MOCOLOIXO
1989 920 2220 965 Adriano
2253 930 2294 960 10

215 996 342 1036 1159.
362 1007 496 1052 papa
535 996 739 1038 mortuo
779 992 981 1038 factum
1021 996 1102 1038 est
1141 994 1333 1038 scisma
1372 994 1427 1038 in
1462 993 1728 1048 electione,
1771 994 2085 1053 quibusdam
2126 992 2218 1039 Oc·
2251 975 2377 1014 *²²3OE

155 1052 632 1111 ‘³0²'·1)·tavianum
684 1066 1032 1122 cardinalem,
1082 1066 1344 1112 Victorem
1395 1070 1667 1123 vocatum,
1722 1067 2052 1127 eligentibus,
2105 1067 2217 1112 aliis

361 1128 659 1184 Rdlandum
710 1140 1096 1195 cancellarium,
1149 1140 1508 1185 Alexandrum
1555 1141 1773 1196 dictum,
1829 1136 2216 1187 intronizanti-

82 1229 337 1268 {anneus-qq.
362 1208 480 1258 bus.
547 1213 742 1259 Divisis
777 1213 953 1273 itaque
980 1214 1073 1259 tali
1100 1214 1345 1259 scismate
1372 1214 1740 1271 cardinalibus,
1782 1228 1973 1260 novem
1999 1229 2217 1260 numero

359 1287 410 1331 in
440 1289 586 1347 parte
614 1287 854 1344 Victoris,
888 1300 963 1332 un
974 1283 1155 1334 decim
1176 1282 1194 1312 2
1220 1288 1275 1332 in
1301 1290 1448 1348 parte
1476 1287 1759 1333 Alexandri
1788 1288 2215 1343 consistentibus,
2252 1303 2291 1334 15

359 1375 439 1406 res
479 1361 548 1406 ad
587 1362 960 1421 imperatorem
1000 1361 1239 1407 refertur.
1321 1361 1421 1419 Qui
1460 1361 1638 1407 habito
1670 1362 1964 1422 principum
2004 1362 2217 1408 consilio

359 1435 422 1479 ab
475 1426 740 1495 ipsisqueb
791 1435 895 1480 tale
950 1436 1140 1481 scisma
1198 1436 1475 1482 maiestate
1531 1436 1865 1496 imperatoria
1923 1436 2217 1481 sedandum

359 1523 472 1554 esse
524 1509 649 1554 data
700 1509 968 1555 sentencia
1017 1510 1315 1568 generalem
1366 1510 1567 1555 curiam
1613 1510 1855 1555 omnibus
1895 1511 2043 1569 regni
2081 1510 2216 1570 prin·

359 1582 558 1642 cipibus
611 1583 678 1628 ad
728 1583 1020 1628 ineundum
1071 1597 1164 1643 pro
1219 1582 1395 1629 statu0
1445 1584 1661 1629 ecclesie
1701 1574 2017 1629 conciliumd
2056 1583 2216 1644 Papie

358 1652 417 1700 in
458 1651 798 1719 epiphaniae
830 1648 1152 1702 Dominif·3
1191 1657 1430 1702 indixitg.
1510 1652 1809 1719 Missisque
1850 1652 2060 1703 litteris
2101 1652 2215 1703 suis
2248 1672 2290 1702 20

359 1725 620 1776 omnibus
663 1725 977 1776 cismarinis
1010 1726 1255 1792 regibuS,
1298 1729 1499 1793 utpote
1527 1726 1648 1792 regi
1677 1726 1944 1793 Ungarie,
1987 1726 2212 1793 Anglie,

358 1798 535 1850 Dacie
578 1801 635 1850 et
675 1799 936 1850 omnibus
977 1800 1206 1866 regibus
1248 1795 1591 1867 Hyspanieh‚
1646 1803 1711 1850 ut
1758 1800 2048 1867 episcopos
2095 1816 2214 1851 suo-

356 1890 479 1922 rum
521 1889 825 1939 regnorum
867 1873 938 1924 ad
980 1874 1087 1924 hoc
1129 1870 1471 1924 conciliumd
1516 1890 1618 1941 pro
1657 1867 1927 1924 instantii
1979 1873 2214 1926 ecclesie

358 1947 696 1997 necessitate
727 1947 1056 2013 dirigerent,
1097 1947 1354 2013 rogavit4
1387 1952 1612 2012 datoque
1640 1942 1940 1998 conductuk
1971 1943 2209 2013 utriquel

358 2025 520 2070 electo
572 2039 691 2070 cum
743 2025 1022 2085 partibusm
1075 2027 1184 2071 suis
1237 2026 1418 2072 ambos
1471 2026 1573 2071 adn
1620 2017 1935 2072 conciliumd
1979 2027 2161 2072 citavit
2178 2020 2211 2071 5.
2245 2041 2287 2072 25

360 2093 572 2144 Extant
613 2094 831 2146 diverse
873 2096 945 2145 ad
987 2095 1236 2146 diversos
1277 2096 1573 2162 utriusque
1602 2095 1780 2162 partis
1810 2095 1878 2146 de
1907 2095 2014 2146 hac
2043 2112 2213 2146 causa

358 2167 613 2234 epistole,
667 2184 831 2218 suum
873 2185 1092 2235 queque
1143 2186 1271 2236 pars
1324 2169 1568 2221 electum
1617 2169 1949 2220 canonizare
1990 2169 2213 2236 cupien-

358 2242 524 2304 cium,
579 2241 727 2293 sicut
777 2242 837 2292 in
880 2241 1070 2293 Gestis
1113 2243 1388 2294 Friderici
1439 2243 1831 2310 imperatoris⁰
1880 2243 1949 2294 ab
2000 2242 2212 2294 Ottone

360 2314 707 2382 Frisingensi
746 2315 1045 2383 episcopo6
1084 2316 1334 2384 plenarie
1377 2317 1734 2368 describitur.
1948 2322 2113 2382 Igitur
2151 2336 2214 2367 ex

112 2378 232 2455 G'Jj
236 2379 292 2454 ’δέ
303 2379 337 2415 V’
358 2394 598 2440 omnibus
658 2395 844 2440 mundi
907 2395 1143 2455 partibus
1209 2395 1711 2442 ecclesiasticorump
1784 2399 1836 2441 et
1900 2396 2213 2441 secularium
2245 2412 2287 2442 30

357 2468 654 2529 principum
693 2469 928 2529 personis
969 2483 1088 2515 cum
1128 2469 1336 2515 infinita
1376 2470 1718 2516 multitudine
1759 2470 2078 2525 clericorum,
2125 2470 2211 2515 lai-

535 2621 569 2661 a)
595 2619 810 2653 delucidans
837 2622 868 2652 2.
961 2622 997 2659 b)
1023 2631 1111 2660 -quc
1137 2631 1204 2652 om.
1231 2623 1263 2652 1.
1357 2622 1391 2661 c)
1415 2627 1533 2653 stratu
1552 2631 1647 2653 corr.
1665 2626 1761 2653 statu
1780 2623 1810 2654 2.
1905 2620 1941 2663 d)
1967 2622 2160 2653 eonsilium
2178 2623 2209 2652 2.

358 2667 390 2702 e)
415 2665 627 2704 epyphania
651 2667 683 2696 2.
776 2667 802 2706 f)
828 2666 978 2697 Domini
1002 2675 1070 2697 om.
1098 2668 1129 2696 1.
1222 2668 1260 2705 g)
1285 2664 1415 2706 edixit,
1442 2676 1479 2698 e·
1502 2667 1576 2696 alia
1599 2675 1707 2696 manu
1723 2667 1841 2705 suppl.
1868 2667 1899 2697 1.
1993 2666 2031 2705 h)
2056 2667 2161 2706 Hisp.
2177 2668 2209 2698 2.

359 2710 383 2747 i)
407 2714 505 2739 statu
529 2710 604 2739 alia
626 2719 735 2739 manu
757 2714 843 2741 mut.
871 2715 988 2741 status
1013 2712 1044 2740 1.
1152 2710 1189 2750 k)
1215 2711 1373 2741 coductu
1398 2711 1430 2741 2.
1533 2711 1558 2751 l)
1585 2714 1743 2748 utroque
1767 2710 1799 2741 2.
1915 2709 1964 2749 m)
1989 2711 2104 2741 electo
2129 2720 2211 2741 cum

357 2753 471 2790 parti·
497 2754 535 2782 in
559 2754 632 2784 Ioco
657 2763 739 2784 raso
765 2755 798 2784 1.
934 2755 971 2795 n)
1004 2752 1051 2784 ad
1075 2763 1186 2792 supra
1211 2755 1326 2784 locum
1352 2764 1472 2785 rasum
1500 2756 1531 2788 1.
1666 2756 1700 2792 o)
1733 2755 1780 2786 -is
1804 2755 1878 2785 alia
1902 2764 2011 2785 manu
2035 2756 2153 2793 suppl.
2180 2756 2211 2788 1.
2243 2758 2284 2789 35

357 2806 395 2835 p)
419 2798 470 2826 ita
496 2797 685 2837 Muratori,
717 2798 941 2837 Ussermann,
967 2799 1148 2835 Bo‘hmer;
1171 2799 1504 2830 ecclesiasticarum
1529 2800 1559 2830 1.
1588 2799 1619 2830 2.

539 2930 580 2983 1)
598 2929 662 2982 Cf.
681 2929 732 2972 L.
752 2930 999 2982 Bouryain,
1015 2931 1098 2971 ‘La
1116 2930 1268 2972 chaire
1283 2933 1508 2983 frangaz'se
1524 2944 1585 2972 au
1602 2929 1710 2972 XII
1713 2932 1730 2954 θ
1748 2929 1904 2983 siecless
1923 2931 2062 2972 Paris
2080 2933 2208 2983 1879,

349 3002 397 3040 p.
420 2989 503 3030 122
516 3001 576 3040 sq.
690 2988 733 3043 2)
756 2987 876 3030 XIV
901 2989 953 3032 G.
970 2989 1098 3032 Frid.
1116 2990 1147 3029 I
1155 2990 1203 3041 V,
1223 2992 1291 3033 62.
1404 2989 1447 3045 3)
1471 2989 1517 3031 in
1540 2992 1698 3032 octava
1720 2990 1988 3045 epiphaniae
2012 2991 2063 3034 G.
2081 2990 2209 3033 Frid.

356 3047 384 3086 Ι
396 3046 444 3098 V,
478 3048 545 3090 65.
580 3048 650 3090 66.
805 3047 850 3101 4)
894 3048 1040 3089 Eoetat
1080 3050 1266 3103 epistola
1307 3048 1519 3091 Heinrico
1550 3049 1616 3093 ΙΙ.
1660 3051 1757 3103 reyi
1796 3050 1990 3102 Anyliae
2032 3050 2209 3100 directa,

356 3105 463 3148 MG.
494 3105 587 3149 LL.
614 3105 793 3149 Constit.
823 3106 863 3158 I,
894 3120 965 3149 nr.
992 3109 1089 3159 183,
1113 3121 1161 3160 p.
1187 3110 1272 3151 254
1292 3121 1356 3160 sq.
1416 3108 1474 3149 In
1494 3109 1685 3163 epistolis
1718 3123 1745 3149 (ι
1767 3108 2010 3149 Rahewino
2029 3109 2211 3162 receptis
2243 3119 2284 3148 40

357 3167 600 3217 imperator
642 3166 734 3217 ipse
775 3179 818 3217 sle
860 3178 1014 3207 omnes
1059 3167 1292 3221 episcopos
1334 3166 1511 3221 imperii
1546 3172 1620 3209 sui
1651 3170 1696 3209 et
1727 3167 1920 3209 aliorum
1950 3179 2208 3221 regnorum,

357 3220 573 3264 Franciae
605 3222 829 3277 videlicet,
872 3223 1084 3280 Angliae,
1126 3224 1374 3279 Hispaniae
1407 3229 1541 3279 atque
1574 3225 1816 3282 Ungariae,
1859 3238 2050 3267 evocasse
2091 3226 2208 3276 dicit,

361 3282 410 3324 G.
435 3281 563 3322 Frid.
586 3282 672 3334 IV,
698 3285 765 3326 65.
789 3285 858 3327 66.
981 3285 1027 3338 5)
1050 3284 1193 3325 Extat
1213 3287 1397 3338 epistola
1419 3286 1622 3327 Rolando
1642 3286 1904 3327 cancellario
1925 3284 2210 3336 (Alexandro

350 3354 498 3393 papae
528 3341 646 3390 III.)
678 3343 845 3383 directa
879 3342 930 3386 G.
964 3342 1091 3387 Frid.
1124 3344 1155 3384 I
1163 3343 1213 3396 V,
1247 3346 1316 3389 65.
1443 3347 1487 3399 6)
1523 3345 1680 3386 Potius
1712 3358 1739 3385 α
1770 3344 2010 3397 Rayewino
2043 3342 2211 3384 Ottmzis

355 3401 668 3444 continuatore.
730 3401 795 3445 W.
2240 3411 2283 3441 45
