2377 3802
63 963 104 994 10

59 1335 98 1367 15

56 1703 97 1734 20

53 2143 93 2174 25

52 2526 94 2558 30

50 2856 91 2887 35

49 3150 91 3180 40

50 3442 92 3473 45

515 136 785 181 OTTONIS
817 137 899 181 DE
932 138 976 184 S.
1010 138 1239 183 BLASIO
1271 138 1610 185 CHRONICA.
1938 145 1995 186 35

142 288 429 340 mediante
458 287 785 341 Christiano
820 290 1252 357 Magunciensi²
1292 290 1554 358 episcopo
1596 294 1653 342 et
1693 287 1987 343 Conradob
2015 306 2141 348 1177.

143 361 540 428 salzburgensi
561 360 630 392 ¹·*
670 379 795 413 cum
836 363 1038 415 ceteris
1067 363 1358 431 episcopiS‚
1402 365 1786 416 sacerdocium
1816 368 1873 416 et
1899 366 1995 416 im·

141 435 359 503 perium
383 435 778 497 concordatur,
809 437 1148 503 quibusdam
1176 436 1451 503 episcopis
1473 437 1806 489 scismaticis
1834 439 1993 490 sedes

142 525 271 559 suas
311 511 577 576 propterc
620 510 889 561 honorem
931 509 1288 577 imperatoris
1317 508 1727 571 obtinentibus,
1770 511 1992 576 quibus-

139 582 268 633 dam
308 599 441 634 vero
483 585 713 650 propter
751 583 975 634 iusticie
1016 598 1311 634 censuram
1348 581 1698 632 cedentibus.
1778 582 1848 632 In
1890 584 1994 634 hac

138 655 311 707 etiam
340 656 747 722 compositione
784 654 1307 707 Mediolanensibus
1347 656 1547 721 treuge
1576 654 1763 705 XIIII
1785 656 1802 685 ²
1829 673 1996 707 anno-

136 746 261 779 rum
292 729 593 791 donantur,
628 729 765 797 ipsis
792 744 986 780 omnes
1014 727 1268 794 captivos
1295 727 1684 779 reddentibus
1830 726 1995 780 Hiisd

138 803 337 854 diebus
407 803 608 854 beatus
683 802 928 853 Thomas
997 799 1461 852 Cantuariensise
1538 802 1995 870 archiepiscopus

136 893 168 926 a
208 893 340 944 rege
382 870 735 942 Anglorumf
776 869 1169 926 Heinricog·**
1221 873 1418 925 multis
1468 874 1583 924 iam
1623 875 1823 927 diebus
1864 877 1994 927 sede

136 966 238 1000 sua
276 966 376 1016 pro
416 948 644 999 iusticia
683 947 897 1015 pulsus,
939 947 1009 998 ab
1051 947 1250 999 eodem
1278 947 1496 998 occisus
1527 942 1621 998 inh
1658 949 1993 1001 confessoris

135 1026 193 1074 et
233 1022 480 1073 martiris
520 1023 701 1073 morte
740 1021 947 1073 faciem
989 1021 1186 1072 matris
1234 1020 1467 1073 ecclesie
1508 1021 1814 1073 decoravit.
2072 1081 2094 1092 -

311 1098 396 1147 24.
481 1096 648 1146 Anno
726 1094 1007 1146 dominice
1082 1094 1498 1146 incarnacionis
1569 1094 1951 1147 M⁰CLXXIL
1977 1093 1987 1122 i
2011 1080 2177 1175 {2123-

133 1169 457 1220 Alexander
495 1185 644 1236 papa
684 1168 882 1219 sedato
923 1168 1186 1220 scismate
1219 1168 1407 1219 sedem
1438 1169 1809 1236 apostolicam
1851 1170 1989 1221 obti-

134 1258 270 1294 nens
324 1241 644 1303 concilium,
697 1243 848 1308 quod
889 1241 1274 1293 Lateranense
1324 1242 1551 1303 dicitur,
1606 1245 1988 1310 congregavit,

130 1316 187 1366 in
230 1332 340 1383 quo
393 1315 742 1366 scismaticos
794 1315 974 1367 officio
1024 1316 1276 1383 privatos
1329 1316 1608 1383 deposuit.
1810 1317 1990 1384 Impe-

130 1392 286 1440 rator
342 1406 472 1441 vero
530 1389 590 1439 in
648 1387 1009 1440 Germaniam
1063 1389 1247 1441 redire
1301 1389 1606 1456 disponens
1658 1389 1990 1441 Italicorum

130 1463 262 1514 fidei
302 1480 359 1514 se
401 1463 629 1514 credere
670 1479 783 1514 non
824 1463 1090 1523 audebat,
1132 1463 1230 1514 sed
1271 1463 1455 1513 missis
1495 1463 1719 1514 nunciis
1760 1464 1831 1515 ad
1866 1464 1989 1515 Ber-

129 1531 389 1588 toldumk
435 1537 637 1588 ducem
679 1536 747 1587 de
789 1531 1097 1604 Zaringen¹
1140 1536 1331 1604 peciit,
1374 1538 1440 1586 ut
1479 1537 1539 1586 in
1566 1536 1820 1588 Ytaliam
1862 1541 1987 1589 cum

130 1610 381 1662 exercitu
433 1610 542 1661 sibi
596 1612 933 1671 occurreret,
986 1613 1052 1661 ut
1094 1627 1158 1662 eo
1199 1610 1452 1661 securius
1490 1610 1936 1679 transalpinaret
1955 1613 1987 1660 ⁵.

130 1682 254 1747 Quo
305 1685 568 1735 veniente
619 1700 719 1751 per
769 1683 979 1735 montis
1025 1683 1214 1735 Iovis4
1264 1683 1557 1751 angustias
1607 1700 1892 1750 regressus
1931 1685 1986 1735 in

128 1757 528 1809 Alemanniam
570 1757 728 1809 venit
746 1756 782 1807 5.
862 1757 1063 1824 Itaque
1118 1773 1330 1809 memor
1370 1759 1730 1825 contemptus
1773 1775 1805 1809 a
1845 1758 1988 1810 duce
2005 1741 2135 1836 (ld—3}

129 1831 445 1883 Hainricog
485 1831 637 1898 apud
668 1830 1009 1882 Clavennam
1040 1830 1149 1882 sibi
1176 1830 1469 1882 exhibitim
1507 1831 1567 1881 in
1600 1831 1783 1898 ipsum
1826 1833 1987 1883 vehe-

129 1905 477 1957 mentissime
519 1905 727 1956 exarsit
768 1908 840 1967 et,
884 1905 1032 1971 quod
1073 1904 1295 1956 Italicis
1337 1904 1596 1955 hostibus
1637 1905 1718 1956 rei
1758 1905 1985 1972 publice

2015 933 2140 974 1170.

2012 990 2109 1021 (Dec.
2129 991 2200 1029 29).

317 2061 360 2118 *)
397 2064 419 2106 1
456 2063 551 2103 alia
584 2076 721 2103 manu
753 2075 858 2104 saec,
885 2062 1027 2105 XIII.
1061 2074 1128 2106 ex.
1151 2064 1200 2103 in
1222 2076 1365 2116 mary.
1391 2062 1492 2106 add.
1507 2076 1521 2103 .·
1553 2058 1780 2103 maxime
1808 2060 1985 2103 autem

392 2131 700 2176 Wicmanno
742 2130 1183 2176 Hildesheimensi
1201 2125 1234 2177 ⁶.

284 2208 357 2264 **)
392 2213 414 2253 1
449 2210 546 2250 alia
576 2223 712 2251 manu
746 2211 792 2250 in
824 2223 969 2263 marq.
1000 2211 1103 2254 add.
1117 2224 1131 2250 .·
1161 2204 1268 2250 Iste
1295 2204 1397 2250 fuit
1423 2199 1743 2250 avunculus⁷
1775 2203 1984 2250 Ottonis

389 2281 573 2338 postea
615 2278 957 2338 imperatoris,
998 2297 1110 2337 quae
1144 2286 1209 2328 la
1241 2285 1290 2324 in
1321 2287 1487 2335 textum
1517 2285 1688 2338 recepit.

288 2431 322 2470 a)
346 2431 622 2469 Maguntinensi
646 2431 679 2462 2.
749 2431 785 2468 b)
805 2425 945 2461 Chi’mr.
965 2432 996 2461 2.
1068 2431 1100 2470 c)
1123 2436 1275 2470 propter
1293 2431 1471 2462 honorem
1488 2449 1525 2452 —
1546 2429 1767 2469 quibusdam
1783 2439 1871 2462 vero
1888 2432 1931 2467 (l.
1946 2432 1982 2469 5)

124 2484 193 2507 om.
219 2477 251 2517 1,
282 2476 342 2505 ubi
368 2478 452 2513 post
477 2476 587 2513 prius
619 2473 839 2514 quibusdam
871 2475 972 2506 initio
1003 2476 1137 2513 scripta
1167 2478 1268 2505 erant
1301 2471 1321 2504 fi
1341 2475 1389 2514 {sp
1413 2475 1469 2514 (=
1493 2484 1581 2505 vero
1606 2475 1789 2516 propter),
1814 2475 1875 2505 sed
1891 2476 1984 2505 linea

126 2520 235 2550 rubra
251 2520 427 2558 perducta
451 2520 518 2552 del.
645 2518 682 2560 d)
707 2519 773 2549 His
799 2520 830 2549 2.
944 2519 977 2559 e)
995 2520 1103 2558 prius
1127 2519 1174 2549 -i-
1200 2520 1275 2549 alia
1301 2529 1409 2549 manu
1433 2527 1612 2557 superscr.
1639 2519 1671 2550 1.
1778 2519 1807 2558 f)
1831 2517 1984 2559 angl'024

125 2572 217 2595 corr.
235 2564 390 2604 ang1024
406 2564 438 2594 1.
486 2563 524 2602 g)
548 2564 662 2594 Henr.
683 2564 714 2593 2.
763 2563 801 2604 h)
819 2564 857 2594 in
875 2573 942 2595 om.
964 2564 995 2594 2.
1044 2563 1072 2605 i)
1091 2564 1141 2593 ica
1159 2564 1196 2602 23
1225 2562 1492 2602 MOCLXXVII,
1513 2564 1577 2594 -V-
1597 2563 1672 2593 alia
1688 2572 1795 2593 manu
1810 2564 1928 2601 suppl.
1948 2564 1980 2594 1.

124 2607 161 2646 k)
187 2606 398 2639 Beltoldum
422 2608 454 2639 2.
547 2608 572 2648 1)
597 2608 774 2646 Zaringin
798 2607 830 2638 2.
923 2608 972 2649 m)
998 2610 1049 2638 ita
1079 2608 1271 2646 Urslisius5
1310 2608 1474 2639 exhibito
1500 2608 1533 2638 1.
1559 2607 1597 2647 23
1629 2607 1698 2638 sibi
1731 2607 1895 2639 exhibito
1929 2608 1982 2639 bis

124 2653 305 2691 scriptum,
331 2654 457 2682 iterum
480 2652 549 2682 del.
576 2652 608 2682 1.

305 2784 347 2836 1)
390 2783 624 2825 Conrad-us
667 2785 718 2825 de
758 2783 1038 2825 IVittelsbach
1069 2784 1189 2828 card.
1224 2787 1348 2837 episc.
1375 2783 1633 2825 Sabtnensis
1674 2784 1846 2824 demum
1870 2796 1982 2836 pace

128 2843 329 2898 Venetisa
359 2846 594 2895 composita
625 2843 1049 2896 archiepiscopatum
1076 2842 1441 2895 Salzbmyensem
1466 2844 1636 2895 accepit.
1759 2844 1804 2895 2)
1839 2843 1981 2883 Immo

124 2914 213 2944 sea).
365 2900 408 2955 3)
450 2901 570 2942 Haec
612 2902 672 2942 ad
713 2915 755 2946 a.
790 2903 917 2945 1168.
953 2903 1106 2954 potius
1146 2902 1385 2952 referenda
1425 2914 1513 2942 esse
1551 2901 1720 2942 collatis
1759 2901 1982 2953 Gotifwdel

127 2959 286 3002 Viterb.
329 2959 471 3000 Gestis
500 2959 630 3003 Frz'd.
663 2973 696 3003 c.
719 2962 789 3004 30.
841 2961 904 3003 W.
945 2961 996 3001 de
1029 2960 1301 3002 Giesebreckt
1345 2960 1519 3003 ίΒΚΖ.1
1562 2960 1637 3012 VI,
1673 2973 1720 3013 p.
1745 2962 1843 3003 552.
1878 2972 1976 3001 con-

124 3020 230 3061 iecit,
382 3018 427 3070 4)
473 3018 617 3058 Immo
644 3032 731 3071 per
761 3023 947 3060 montem
990 3019 1130 3060 ‘Mont
1164 3019 1402 3073 Genevre⁷5
1444 3020 1498 3071 cf.
1532 3018 1720 3072 Stumpf
1742 3032 1813 3061 nr.
1846 3021 1975 3062 4254.

134 3078 254 3118 Unde
285 3077 516 3117 Arelatum
541 3078 707 3130 primo,
731 3082 834 3129 post
865 3077 909 3117 S.
943 3077 1154 3129 Eyidium
1178 3079 1321 3131 petiit.
1384 3078 1440 3118 A.
1466 3079 1592 3122 1168.
1626 3079 1869 3130 imperator
1892 3090 1978 3130 per

123 3137 314 3178 Montem
374 3136 594 3177 cenisium
646 3137 751 3189 (per
807 3133 1016 3177 Montem
1066 3134 1188 3177 Iovis
1231 3149 1472 3189 perperam
1526 3135 1688 3179 chron.
1751 3136 1974 3189 Urspm·y.‚

124 3195 201 3237 SS.
224 3194 415 3246 XXIII,
441 3207 489 3247 p.
513 3196 612 3245 357,
638 3194 665 3236 l.
687 3196 766 3243 41)
797 3194 930 3246 Alpes
958 3195 1157 3235 transiit.
1277 3195 1321 3249 5)
1355 3196 1438 3235 Die
1459 3196 1528 3238 31.
1555 3194 1639 3237 Oct.
1665 3196 1792 3237 1178.
1815 3194 1976 3246 Spirae

125 3257 235 3308 erat,
261 3254 448 3306 Stumpf
460 3266 530 3296 nr.
554 3254 684 3304 4271,
713 3252 790 3292 ubi
802 3254 1031 3306 principes
1051 3254 1092 3293 ei
1111 3258 1412 3303 occurrerunt,
1434 3253 1621 3294 Arnolcl.
1644 3252 1794 3295 Labie.
1818 3250 1886 3305 II,
1906 3254 1972 3300 10,

123 3314 192 3353 die
236 3315 303 3356 11.
335 3313 457 3364 Now„
504 3316 550 3352 ut
591 3312 776 3362 videtur,
820 3312 938 3353 Anu.
981 3310 1154 3363 Peyav„
1197 3311 1274 3354 SS.
1307 3310 1439 3362 XVI,
1476 3324 1524 3363 p.
1558 3311 1656 3354 262.
1817 3311 1860 3362 6)
1907 3310 1972 3361 Cf.

134 3371 198 3415 W.
230 3371 400 3424 Hoppe,
434 3370 583 3413 ‘Erzb.
626 3369 888 3410 Wichmann
930 3383 965 3412 v.
999 3369 1308 3422 Maydebury’7
1351 3370 1400 3409 in
1442 3368 1866 3409 ‘Geschichtsblc‘ttter
1895 3369 1975 3419 fiir

124 3430 253 3471 Staclt
284 3443 327 3470 u.
360 3429 494 3470 Laud
524 3427 820 3482 Maydebmy'
858 3429 983 3479 1908,
1020 3441 1067 3480 P.
1092 3430 1191 3474 2:29.
1340 3429 1384 3481 7)
1420 3427 1559 3468 Immo
1592 3440 1700 3467 avus
1733 3431 1970 3469 maternus

1653 3513 1708 3558 3*
