2377 3802
356 141 411 181 74
727 133 998 177 orroxis
1031 132 1113 175 DE
1145 133 1189 178 s,
1222 132 1454 176 BLAsio
1487 133 1826 181 OHRoNioA.

351 288 546 354 pinum
601 286 841 351 contigit
891 285 1197 351 plurimum
1252 284 1494 336 desolari
1512 283 1546 333 1.
1640 285 1924 353 Principes
1976 288 2200 348 etenim,

352 361 447 426 qui
487 358 855 410 electionibus
901 375 1098 424 regum
1144 375 1259 408 non
1297 357 1692 420 interfuerant,
1745 360 2105 425 postmodum
2147 376 2203 411 se

350 433 593 483 vicissim
648 432 719 482 ad
761 431 1003 482 alterum
1055 448 1247 482 eorum
1290 430 1670 493 conferebant,
1724 432 2016 499 Lupoldus
2056 433 2202 484 vide·

351 506 485 557 licet
527 507 639 556 dux
668 503 973 556 Orientalis
1014 507 1070 555 et
1111 505 1261 555 duxa
1303 504 1567 555 Boemie2
1604 521 1824 556 necnon
1851 507 2021 556 etiam
2062 506 2203 556 lant-

351 581 578 646 gravius
638 579 705 630 de
769 573 1139 644 Duringinb·3
1188 580 1244 628 et
1291 577 1629 628 BertoldusC
1693 579 1760 629 de
1807 579 2072 646 Zaringin
2132 579 2203 630 ad
2236 602 2257 633 5

351 653 695 720 Phylippum
711 649 749 709 d,
793 652 907 702 dux
950 651 1269 702 Brabandie
1286 650 1358 680 0·4
1398 646 1489 701 etf
1531 651 1761 717 quidam
1798 652 1893 702 alii
1933 653 2005 702 ad
2047 652 2202 703 Otto-

351 743 496 777 nem.
685 725 888 792 Itaque
927 727 1164 791 uterque
1203 740 1399 791 regum
1440 740 1539 790 pro
1567 725 1892 791 principatu
1931 741 2031 776 suo
2068 727 2204 776 satis

353 816 523 866 agens
564 799 774 850 bellum
817 799 924 849 hoc
966 799 1127 849 civile
1154 814 1294 865 pene
1326 814 1424 865 per
1452 797 1573 847 XII
1601 814 1776 848 annos
1803 799 2204 865 pertinaciterg

351 869 762 939 protelarunth.
823 871 969 922 Nam
999 872 1298 939 Philippus
1324 871 1540 938 regalia
1566 871 1828 922 tradente
1847 867 1861 896 i
1893 868 2207 922 Hainricok

350 948 687 1012 imperatore
726 945 904 996 fratre
945 962 1045 996 suo
1078 944 1313 996 tenens5
1353 961 1654 1011 omnesque
1693 945 1990 996 thesauros
2030 946 2206 1012 ipsius
2240 969 2282 999 10

350 1020 834 1086 possessionesque
885 1018 1209 1085 prediorum
1261 1018 1612 1085 aliorumque
1662 1018 1907 1069 fratrum
1959 1035 2204 1081 suorum,

352 1093 758 1142 ditissimorum
797 1091 1064 1143 videlicet
1102 1093 1436 1159 principum,
1489 1093 1735 1158 ipsorum
1787 1093 1947 1143 heres
1966 1091 1999 1154 ⁶,
2054 1091 2206 1143 solus

350 1159 639 1232 optinensl
708 1165 988 1231 principes
1055 1164 1255 1216 Ottoni
1320 1166 1607 1227 faventeS,
1676 1167 1951 1232 quosdam
2022 1167 2203 1227 11111118,

350 1238 622 1304 quosdam
662 1239 950 1304 promissis
991 1241 1048 1289 et
1089 1239 1249 1289 donis
1300 1240 1356 1288 in
1401 1240 1487 1288 sui
1526 1242 1745 1305 partem
1786 1240 2110 1290 transduxit
2150 1242 2207 1290 et

348 1314 671 1363 innumeras
724 1311 1115 1378 expediciones
1174 1313 1458 1378 sepissime
1519 1315 1715 1363 contra
1768 1312 2036 1364 Ottonem
2087 1330 2206 1379 pro·
2241 1335 2283 1366 15

349 1386 542 1447 movit,
586 1386 844 1436 civitates
884 1384 1226 1451 castellaque
1265 1402 1364 1452 per
1403 1386 1623 1436 diversa
1654 1386 1780 1437 loca
1812 1391 2204 1452 expugnansm,

349 1458 691 1510 rebellantes
742 1458 994 1524 undique
1046 1460 1117 1509 ad
1170 1458 1521 1510 dedicionem
1583 1460 1782 1526 coegit.
1882 1459 2020 1510 Otto
2074 1477 2206 1511 vero

350 1532 558 1583 auxilio
599 1532 781 1583 fretus
823 1532 1112 1583 Heinricin
1157 1532 1396 1599 palatini
1435 1532 1631 1582 fratris
1684 1534 1770 1583 sui
1817 1536 1872 1584 et
1915 1532 2205 1584 Colonien-

351 1608 494 1656 sium
535 1607 779 1672 impetus
820 1602 1125 1673 Phylippid
1165 1608 1492 1657 constanter
1525 1607 1796 1656 sustinuit
1824 1606 2206 1657 archisolium-

158 1661 473 1758 HJJ-lfossjque,
528 1680 678 1746 quod
729 1680 1076 1747 Aquisgrani
1127 1682 1227 1741 est,
1282 1680 1521 1746 adeptus
1568 1682 1624 1731 et
1665 1697 1698 1730 a
1738 1679 2060 1731 Coloniensi
2100 1681 2206 1747 epi·
2239 1703 2282 1734 20

162 1753 164 1755 “
352 1770 517 1820 scopo
559 1755 895 1820 cooperante
923 1753 1249 1805 Treverensi
1270 1753 1300 1815 ⁷,
1343 1754 1439 1820 qui
1467 1754 1538 1804 ad
1566 1753 1671 1805 hoc
1700 1754 2018 1821 specialiter
2044 1755 2206 1820 privi-

155 1827 548 1894 (1u2.12).legiati
588 1830 721 1877 sunt
739 1826 772 1889 S,
825 1828 886 1876 in
936 1843 1125 1893 regem
1165 1830 1373 1878 unctus
1414 1827 1768 1894 gloriabatur
1819 1845 1892 1889 se,
1948 1829 2054 1879 etsi
2091 1844 2207 1879 non

348 1900 578 1968 regalia,
620 1901 748 1950 iura
787 1903 980 1951 tamen
1021 1903 1077 1951 et
1117 1901 1241 1952 loca
1279 1901 1495 1967 regalia
1533 1899 1832 1952 retinere*.

541 2057 584 2112 >¹¹²)
618 2059 691 2099 Ad
733 2063 865 2110 caput
907 2060 976 2110 46,
1022 2060 1071 2099 in
1113 2061 1315 2112 maryine
1356 2060 1568 2111 inferiore
1606 2060 1709 2111 folii
1747 2061 1872 2110 1'211'7
1916 2073 2079 2100 manus
2109 2072 2206 2101 sae-

615 2118 701 2158 culi
731 2117 872 2157 XIII.
898 2121 1175 2170 posterioris,
1208 2130 1320 2171 quae
1352 2131 1458 2158 num
1480 2118 1679 2159 Lizctoldi
1699 2119 1852 2169 fuerit,
1868 2132 1956 2171 pro
1980 2123 2093 2159 certo
2113 2120 2204 2159 dis·
2239 2135 2283 2166 25

617 2179 737 2217 cerm·
767 2188 856 2216 non
880 2180 1034 2230 potest,
1067 2176 1146 2218 hos
1177 2178 1416 2230 adscripsit
1447 2190 1598 2218 versus
1628 2179 1674 2218 in
1709 2179 1758 2220 l:

654 2244 1092 2304 Maguntinensis,
1121 2244 1472 2299 Treverensis,
1494 2244 1832 2301 ColoniensiS,
1862 2249 2208 2305 Archiepiscopi

880 2307 1000 2351 Reni
1435 2308 1632 2351 Saxonie

653 2376 783 2421 Inde
823 2377 1087 2436 palatinus
1129 2377 1347 2437 dapifer,
1391 2378 1495 2422 dux
1536 2378 1755 2437 portitor
1794 2378 1950 2433 ensis,

558 2439 613 2483 de
645 2438 978 2496 Brandenburg

653 2509 883 2554 Marchio
923 2510 1218 2569 prepositus
1260 2523 1479 2564 camere,
1520 2510 1767 2569 pincerna
1807 2510 2049 2566 BoemUS‚

655 2582 950 2627 Romanum
991 2585 1235 2628 statuunt
1274 2597 1445 2643 regem
1488 2583 1811 2628 concorditer
1849 2583 1936 2628 isti
1953 2578 1987 2629 9.
2240 2607 2284 2639 30

621 2646 736 2696 Quos
776 2647 997 2688 Chronica
1040 2647 1305 2688 universalis
1355 2647 1609 2688 Turicensz's
1651 2649 1699 2688 in
1736 2652 1902 2690 temtum
1934 2652 2091 2701 recepit
2130 2649 2208 2689 ad-

616 2706 708 2745 dito
738 2705 862 2747 verbo
894 2704 1027 2747 Nota.

533 2838 566 2876 a)
594 2838 642 2866 ita
668 2839 698 2866 1.
727 2838 745 2867 2
771 2838 897 2875 (supra
924 2845 1036 2867 rocem
1065 2835 1139 2867 dux
1164 2838 1259 2868 locus
1284 2846 1387 2868 rasus
1411 2838 1467 2876 1);
1493 2847 1559 2868 rex
1590 2838 1716 2869 L'rstis.
1831 2840 1867 2873 h)
1892 2848 2002 2878 supra
2027 2840 2208 2877 Duringin

356 2880 451 2910 locus
477 2890 592 2920 rasus,
619 2882 668 2911 D·
694 2889 710 2909 e
736 2890 830 2910 corr.
857 2882 889 2910 1.
990 2882 1021 2918 c)
1054 2879 1278 2912 Bertholdus
1307 2882 1339 2913 2.
1441 2880 1480 2920 d)
1506 2883 1602 2913 Phil.
1631 2884 1661 2913 2.
1767 2884 1799 2921 e)
1834 2885 1882 2914 ita
1914 2884 1953 2923 23
1988 2885 2206 2923 Brabancie,

355 2932 406 2954 -c-
432 2932 448 2954 e
472 2933 565 2954 corr.
593 2926 631 2958 1.
715 2925 744 2963 f)
770 2923 817 2954 ad.
842 2924 1015 2955 Ottonem
1040 2930 1076 2955 et
1097 2923 1246 2964 quidam
1264 2926 1327 2956 alii
1354 2928 1383 2956 1.
1470 2927 1504 2965 g)
1529 2928 1768 2965 pertinaciter
1785 2937 1852 2958 om.
1880 2929 1911 2957 2.
1993 2929 2031 2967 h)
2058 2928 2208 2967 prothe-
2240 2939 2284 2970 35

354 2968 476 2998 larunt
502 2970 532 2999 1.
561 2970 579 2998 2
606 2969 682 2999 (sed
706 2969 761 2998 -h-
787 2972 1000 3006 eoepunctum
1025 2970 1075 3007 1).
1178 2970 1205 3008 i)
1230 2970 1299 3000 sibi
1323 2971 1397 3000 alia
1423 2979 1528 2999 manu
1553 2980 1665 3010 supra
1691 2972 1754 3002 lin.
1781 2973 1866 3002 add.
1894 2974 1925 3003 1.
2032 2972 2070 3010 k)
2094 2973 2208 3003 Hein-

353 3012 429 3042 rico
455 3012 486 3042 2.
579 3013 603 3051 Ι)
631 3013 704 3043 obt.
734 3014 763 3045 ἱ).
858 3014 906 3050 m)
932 3017 1186 3051 expugnantes
1210 3014 1242 3044 2.
1337 3017 1374 3052 n)
1399 3015 1512 3046 Henr.
1540 3016 1571 3046 2.

534 3129 574 3182 1)
605 3130 765 3173 Matth.
801 3131 869 3181 12,
894 3131 973 3173 25:
1019 3128 1163 3171 Omne
1199 3144 1392 3186 regnum
1425 3131 1618 3174 divisum
1652 3135 1809 3174 contra
1840 3146 1884 3174 se
1918 3131 2204 3177 desolabitur.

355 3188 398 3241 2)
440 3186 684 3229 Ottalcarus
707 3189 769 3240 ,I.‚
813 3190 885 3229 cui
919 3189 1063 3229 eodem
1096 3202 1213 3230 anno
1245 3190 1483 3244 Philippus
1520 3195 1690 3244 reyiam
1721 3193 1977 3244 (Zifflzitatem
2011 3193 2206 3243 contulit,

354 3260 488 3299 qua-m
519 3247 780 3288 Fridem'cus
802 3247 867 3291 ΙΙ,
903 3261 942 3290 α.
970 3249 1097 3291 1212.
1131 3248 1245 3301 Sept.
1267 3251 1337 3293 26.
1371 3250 1659 3302 confirmavit,
1693 3250 1793 3295 JJG.
1817 3251 1911 3293 LL.
1938 3251 2116 3293 Con-stit.
2138 3250 2205 3303 II,
2237 3268 2283 3298 40

356 3319 424 3349 φιν.
448 3307 518 3357 43,
545 3320 592 3359 p.
617 3307 686 3349 54.
809 3307 852 3358 3)
882 3306 1172 3349 Her-mannus
1201 3308 1240 3351 I.
1357 3310 1404 3362 4)
1440 3309 1682 3350 Heinricus
1712 3309 1751 3353 I,
1863 3309 1906 3363 5)
1943 3309 2008 3361 Cf.
2034 3309 2204 3353 Contin.

355 3365 567 3408 Admunt.
602 3379 641 3408 α.
669 3366 795 3416 1198,
829 3365 908 3406 SS.
930 3365 1018 3416 IX,
1045 3379 1093 3419 p.
1117 3368 1217 3418 588,
1261 3369 1376 3420 quod
1407 3368 1465 3408 ad
1499 3381 1537 3411 α.
1565 3369 1691 3412 1196.
1727 3371 1945 3409 exeuntem
1977 3368 2127 3408 rettuli
2160 3369 2206 3409 in

357 3423 469 3465 libro
516 3424 611 3466 ‘Die
652 3423 805 3476 heiliye
846 3424 1033 3476 Laozze’,
1081 3425 1273 3466 Breslau
1318 3428 1445 3478 1908,
1482 3440 1529 3479 p,
1564 3428 1620 3470 38
1641 3439 1745 3479 sqq„
1794 3426 1993 3468 ‘Gierkes
2047 3426 2204 3467 Umer-
