2377 3802
113 934 154 964 10

111 1299 152 1331 15

110 1670 152 1700 20

108 2035 151 2066 25

109 2403 151 2434 30

107 2770 150 2802 35

106 3209 150 3239 40

563 101 830 146 OTTONIS
862 102 943 145 DE
976 103 1021 148 S.
1053 102 1283 147 BLASIO
1316 103 1657 149 CHRONICA.
1987 108 2042 150 77

188 270 317 304 cum
357 270 415 305 se
455 270 676 305 movere
715 272 828 305 non
868 258 1056 322 posset
1071 260 1108 316 a,
1161 255 1367 306 iterato
1419 256 1676 307 sacerdos
1722 256 1771 308 ei
1812 256 2038 323 inquid:

191 327 277 377 ‘In
327 327 553 379 nomine
606 328 820 378 domini
865 329 1046 379 nostri
1086 328 1216 379 Iesu
1257 327 1472 379 Christi
1512 329 1758 396 precipio
1799 330 1922 388 tibi,
1976 334 2042 380 ut

189 400 536 452 descendas’.
628 400 771 452 Cum
823 418 924 453 nec
977 402 1049 452 ad
1100 402 1247 452 hanc
1287 418 1480 453 vocem
1528 419 1657 468 eger
1706 403 1804 453 ille
1855 407 2041 469 posset

189 473 540 535 descendere,
584 475 823 526 domnus
852 475 1027 526 Volco
1056 503 1126 508 —
1153 492 1284 524 nam
1313 478 1369 526 et
1396 475 1514 540 ipse
1542 491 1684 540 equo
1713 476 1943 526 sedebat
1972 504 2043 509 ——

188 563 395 613 equum
436 548 507 598 ad
548 565 675 600 eum
716 565 940 615 urgenS,
983 548 1144 615 quasi
1183 565 1311 598 eum
1352 563 1717 613 percussurus
1757 548 2040 603 baculum,

187 638 354 687 quem
395 638 567 672 manu
608 622 884 689 gestabat,
926 621 1168 672 elevavit
1207 636 1451 686 egroque
1490 636 1587 686 per
1620 620 1727 670 hoc
1756 623 2043 687 stuporem

186 694 475 746 incuciens
528 712 766 762 eumque
817 711 913 762 pre
963 694 1166 744 timore
1219 694 1287 744 de
1342 710 1484 759 equo
1537 696 1893 744 corruentem
1942 694 2043 745 919-

188 785 325 819 vans
385 785 585 819 sanum
646 768 914 819 continuo
973 766 1227 817 reddidit
1286 762 1562 832 eumqueb
1618 783 1716 833 per
1775 767 2040 833 aliquodC

189 842 371 909 campi
411 843 663 909 spacium
704 858 892 892 coram
922 857 978 891 se
1006 840 1352 906 gaudentem
1383 856 1604 891 currere
1631 840 1786 891 fecit.
1956 841 2044 891 In-

186 919 274 966 ter
316 919 504 967 cetera
544 915 823 966 virtutum
875 915 994 964 eius
1045 913 1291 979 insignia
1341 913 1719 965 feneratorem
1761 916 2044 981 quendam

188 989 531 1040 ditissimum
570 988 767 1038 videns
803 987 863 1037 in
891 986 1095 1053 spiritu
1124 987 1193 1037 ad
1222 987 1400 1037 vitam
1430 1004 1547 1038 esse
1574 988 2041 1055 predestinatum,

187 1062 479 1113 occasione
529 1060 847 1128 prandendi
899 1077 1028 1111 cum
1080 1076 1144 1111 eo
1197 1060 1267 1111 ad
1320 1060 1562 1112 salutem
1623 1061 1740 1112 eius
1799 1066 2042 1129 sumpta,

187 1136 416 1186 domum
469 1135 588 1186 eius
639 1135 924 1201 ingressus
976 1136 1077 1185 est.
1157 1135 1246 1184 Ad
1300 1151 1466 1200 quem
1517 1135 1602 1185 vir
1648 1135 1781 1186 Dei:
1838 1134 2042 1199 Quid,

183 1208 399 1275 inquid,
444 1208 720 1275 ‘pransuri
760 1225 953 1258 sumus
982 1207 1210 1259 hodie'?
1289 1207 1394 1259 Cui
1437 1208 1616 1260 dives:
1669 1209 1736 1259 ‘N
1743 1226 1816 1260 on
1843 1212 1927 1260 est
1956 1227 2043 1261 ne·

185 1298 348 1341 cesse,
393 1278 671 1344 domined,
713 1299 811 1333 vos
841 1283 942 1333 hec
979 1281 1278 1348 inquirere,
1309 1282 1458 1348 quia,
1488 1282 1759 1349 quicquid
1786 1283 1886 1334 hec
1916 1283 2042 1334 ciri-

184 1359 272 1406 tas
325 1356 604 1423 optimum
656 1355 864 1407 habere
914 1356 1124 1422 poterit
1175 1355 1235 1405 in
1287 1355 1447 1417 cibis,
1501 1356 1657 1407 Vobis
1711 1357 1878 1408 hodie
1929 1374 2043 1406 non

186 1429 409 1481 deerit'.
491 1428 708 1493 Queme
759 1430 845 1480 vir
892 1429 1000 1481 Dei
1052 1446 1180 1480 cum
1222 1428 1454 1491 clericiS,
1508 1430 1605 1495 qui
1656 1446 1847 1481 secum
1887 1447 2044 1481 vene-

183 1505 329 1562 rant,
373 1520 661 1554 assumens
702 1503 1001 1569 coquinam
1035 1503 1154 1554 eius
1181 1503 1419 1553 intravit
1448 1505 1504 1554 et
1534 1520 1682 1564 coc0,
1725 1507 1791 1554 ut
1819 1503 2045 1570 singula

183 1576 405 1628 fercula
446 1594 501 1628 se
542 1580 800 1644 presente
829 1580 1148 1644 exponeret,
1189 1577 1371 1627 iussit.
1453 1575 1618 1640 Quod
1649 1578 1783 1627 dum
1811 1577 2041 1630 faceret.

185 1651 391 1700 mirum
433 1651 608 1711 dictU,
650 1668 751 1717 pro
791 1651 961 1701 variis
1002 1653 1058 1701 et
1108 1650 1374 1717 preciosis
1426 1668 1534 1717 que
1585 1651 1914 1718 inposuerat
1965 1669 2044 1703 re-

185 1718 325 1775 busf
372 1727 473 1774 aut
511 1741 677 1775 ranas
719 1725 787 1775 de
815 1723 1054 1791 singulis
1094 1724 1278 1775 vasisg
1320 1726 1420 1774 aut
1448 1728 1735 1791 serpentes
1763 1726 2039 1792 exposuit.

184 1796 308 1861 Quo
348 1799 467 1849 viso
508 1815 699 1849 omnes
751 1798 848 1864 qui
893 1798 1130 1849 aderant
1168 1798 1228 1848 in
1268 1800 1555 1865 stuporem
1597 1799 1850 1850 conversi
1889 1802 2039 1861 sunt,

184 1875 240 1923 et
290 1872 554 1939 precipue
607 1872 760 1923 dives
810 1871 909 1922 1119
960 1888 1017 1923 se
1057 1873 1412 1938 peccatorem
1453 1889 1762 1939 agnoscens
1801 1873 2040 1939 pedibus

184 1945 303 1996 eius
328 1945 696 2013 provolvit-ur,
725 1962 781 1997 se
806 1948 1175 2012 peccatorem,
1193 1963 1250 1997 se
1276 1946 1640 1997 criminosum
1665 1946 2039 2013 proclamans,

184 2021 258 2081 et,
297 2022 364 2069 ut
409 2019 517 2070 sibi
554 2019 704 2069 viam
731 2019 847 2071 vite
867 2019 886 2049 1
923 2036 1021 2086 per
1049 2019 1327 2070 indictam
1354 2020 1729 2086 penitentiam
1757 2021 2038 2082 ostendat,

184 2110 534 2160 summopere
584 2095 862 2160 precatur.
944 2093 1034 2144 Ad
1085 2110 1251 2159 quem
1303 2093 1562 2144 sacerdos
1615 2090 1878 2160 inquidh:
1936 2094 2040 2144 ‘In-

182 2167 428 2217 mundus
469 2184 525 2218 es
563 2171 645 2229 tu,
689 2169 746 2218 et
785 2167 989 2227 omnia,
1033 2183 1139 2233 que
1179 2166 1367 2218 habes
1449 2167 1522 2217 Et
1548 2167 1658 2218 nisi
1685 2167 1890 2221 omnia.
1933 2184 2041 2234 que

185 2256 252 2291 ex
290 2241 477 2291 usuris
516 2240 605 2291 vel
646 2240 900 2307 quolibet
940 2241 1108 2291 modo
1135 2240 1346 2292 iniuste
1375 2241 1683 2307 acquisisti,
1724 2241 2040 2292 reddideris

183 2330 246 2365 ac
288 2314 491 2365 deinde
542 2314 803 2365 omnibus
854 2314 1002 2365 iuste
1049 2314 1341 2380 acquisitis
1381 2314 1441 2363 in
1480 2331 1752 2381 pauperes
1793 2315 2039 2381 erogatis

181 2404 280 2454 per
320 2388 685 2440 elemosinam
725 2391 960 2455 peccata
986 2390 1088 2438 tua
1114 2388 1431 2448 redemeriS,
1473 2387 1898 2455 indulgenciam
1925 2405 2040 2439 non

181 2461 524 2513 mereberis’.
617 2461 724 2513 Cui
783 2461 936 2512 dives
996 2461 1260 2512 obediens
1328 2478 1391 2512 ac
1452 2462 1794 2528 septimanas
1858 2462 2038 2512 nichil

182 2535 338 2586 aliud
390 2553 560 2604 agens
612 2536 716 2587 hec
773 2536 1010 2586 devotus
1067 2534 1341 2602 implevit.
1440 2535 1664 2586 Dehinc
1724 2535 1796 2586 ad
1854 2536 2038 2586 virum

181 2608 291 2661 Dei
340 2626 598 2662 reversus
648 2609 732 2659 nil
772 2609 878 2660 sibi
916 2610 1248 2660 remansisse
1288 2608 1579 2660 indicavit.
1660 2607 1906 2672 Quidam
1947 2626 2038 2659 au-

181 2684 299 2734 tem
339 2700 407 2734 ex
446 2683 641 2734 amicis
682 2683 800 2735 eius
841 2686 1032 2734 astans
1073 2699 1130 2733 se
1159 2682 1345 2733 adhuc
1382 2684 1442 2732 in
1469 2676 1626 2733 vasei
1678 2683 1791 2732 XX
1831 2682 2039 2733 maltra

180 2756 362 2807 tritici
402 2757 470 2808 de
509 2757 674 2808 rebus
714 2757 833 2808 eius
871 2773 1181 2808 reservasse
1220 2756 1512 2818 indicavit,
1567 2773 1673 2823 que
1725 2756 1878 2807 dives
1926 2756 2039 2807 alia

184 2830 502 2896 expendens
543 2830 757 2881 oblitus
798 2832 935 2882 erat.
1016 2830 1289 2881 Sacerdos
1316 2830 1495 2897 igitur
1524 2832 1813 2897 assumpto
1843 2830 2034 2892 divite,

181 2903 354 2954 turba
393 2903 724 2954 clericorum
752 2905 1172 2970 amicorumque
1201 2904 1319 2955 eius
1346 2903 1770 2970 multorumque
1797 2903 2038 2954 aliorum

183 2976 508 3038 comitante,
551 2977 623 3027 ad
663 2994 760 3028 vas
801 2978 1037 3029 accessit
1087 2979 1383 3044 ipsumque
1435 2979 1688 3045 aperiens
1727 2977 2038 3028 bufonibus

359 3164 394 3204 a)
425 3168 573 3203 poterat
596 3164 629 3194 1.
765 3162 804 3201 b)
836 3171 926 3201 -que
959 3163 1032 3194 alio
1065 3166 1195 3193 atram.
1229 3172 1344 3201 supra
1368 3164 1431 3194 lin.
1457 3164 1575 3202 suppl,
1602 3164 1634 3194 1.
1773 3164 1805 3201 c)
1839 3163 1978 3201 aliquot
2003 3163 2034 3193 2.

182 3206 219 3246 d)
251 3206 325 3240 dfie
356 3209 388 3240 1.
415 3209 447 3240 2.
541 3206 576 3249 e)
612 3209 661 3238 ita
693 3209 710 3238 1
733 3204 845 3248 (Gi-²).
872 3208 910 3247 2;
945 3206 1069 3244 Quare
1100 3207 1159 3237 vir
1190 3207 1262 3238 Dei
1304 3207 1448 3238 clericis
1480 3208 1543 3245 qui
1575 3216 1699 3239 secum
1729 3216 1815 3238 ven.
1841 3207 2036 3244 assumptis

187 3253 312 3284 L'rstis.
404 3253 432 3293 f)
457 3252 568 3284 rebus
593 3261 660 3283 om.
687 3252 719 3283 1.
813 3253 846 3290 g)
872 3251 972 3282 vasis
998 3259 1066 3281 om.
1092 3251 1124 3283 1.
1216 3251 1255 3291 h)
1281 3249 1411 3288 inquid
1428 3260 1496 3281 om.
1523 3252 1554 3282 1.
1647 3251 1673 3288 i)
1697 3259 1754 3281 -se
1777 3259 1890 3288 supra
1911 3251 1974 3280 lin.
2002 3251 2034 3279 1.

360 3401 402 3454 1)
437 3400 502 3453 of.
536 3400 630 3444 Act.
664 3401 704 3451 2,
727 3400 808 3452 283
840 3397 1001 3440 Matth.
1036 3398 1169 3449 7,14.
