2351 3802
283 168 379 210 XII
1013 162 1181 206 PRAE
1191 162 1397 208 FATIO.

273 317 474 382 primos
523 314 688 378 fuisse
739 313 829 363 rix
868 317 957 375 est,
1013 313 1150 378 quod
1186 329 1423 379 expresse
1470 313 1699 366 dicatur.
1785 316 1893 379 Quo
1933 314 2126 377 factum

281 395 366 442 est.
424 393 477 439 nt
525 389 587 439 (le
637 387 789 439 rebus
838 385 898 437 in
948 386 1119 438 Italia
1166 385 1325 451 yestis
1373 387 1538 438 multa
1588 386 1732 439 haud
1766 387 1934 453 parvi
1965 386 2130 454 pretii

280 462 365 513 lce'c
393 461 573 528 posita
612 459 1008 512 ‘invenianturk
1086 459 1170 510 De
1209 458 1464 511 Heinrici
1502 459 1599 510 VI.
1643 459 1788 511 bellis
1826 460 1887 511 in
1923 459 2130 527 Apulia

279 540 325 586 et
382 534 575 586 Sicilia
623 532 783 600 yest‘is
822 550 952 598 quae
1001 531 1256 597 exposuit,
1309 532 1567 584 nonnulla
1617 532 1802 597 optime
1851 550 2127 595 enarrans,

272 610 436 675 plura
493 606 792 671 foedissime
850 606 1200 670 confundens,
1266 605 1434 657 multa
1489 610 1834 672 praepostera
1898 608 2127 669 tradens,
2169 626 2188 656 5

283 681 415 732 inter
455 681 659 732 cetera2
697 679 950 732 relatione
989 678 1220 730 hominis
1257 678 1534 730 cuiusdam
1568 678 1870 746 comperisse
1903 679 2128 744 videtur,

279 755 370 819 qni
410 772 456 805 a.
492 758 648 805 1196.
691 770 837 804 cruce
875 758 1081 818 accepta
1118 752 1181 804 in
1208 751 1431 804 Italiam
1468 751 1721 818 migravit
1757 757 1816 817 et,
1850 757 2128 819 postquam

279 846 388 879 eum
431 826 688 879 Heinrico
735 827 1017 878 marscaleo
1072 827 1132 878 de
1184 826 1401 878 Kalden
1445 843 1607 892 prope
1656 823 1940 877 Cataniam
1986 827 2130 891 apud

280 901 628 952 Paternonem
668 900 878 951 rebelles
919 899 1123 951 Siculos
1160 917 1332 951 mense
1371 898 1530 950 Maio
1569 899 1647 950 vel
1685 898 1846 950 Iunio
1886 917 1934 949 a.
1971 903 2126 950 1197.

268 973 586 1040 prostravit,
654 973 713 1023 in
783 973 1003 1024 Terram
1070 973 1323 1024 Sanctam
1378 972 1649 1039 profectus
1711 971 1949 1036 fortasse,
2017 990 2131 1024 cnm
2163 992 2204 1021 10

279 1051 629 1108 reverteretur,
671 1051 864 1097 mortuo
904 1045 1227 1112 imperatore,
1282 1046 1347 1097 ab
1387 1045 1586 1113 Apulis
1623 1045 1702 1097 vel
1743 1044 1941 1097 Siculis
1987 1045 2130 1097 mala

268 1137 462 1186 passus
500 1124 574 1171 est
592 1120 624 1167 3.

453 1206 714 1274 Epistolis
758 1223 952 1272 quoque
988 1206 1256 1258 interdurn
1293 1223 1421 1257 usus
1459 1224 1565 1258 esse
1593 1210 1779 1272 potest,
1825 1206 1963 1258 velut
2003 1206 2129 1257 Ful-

277 1280 419 1331 com's
452 1281 513 1332 de
541 1279 799 1332 Novilleio
830 1279 1129 1346 presbyteri
1163 1283 1311 1345 yesta
1351 1297 1390 1331 c.
1420 1297 1468 1331 a.
1504 1284 1882 1331 1195—1202.
1925 1297 1990 1330 ea:
2028 1279 2128 1346 epi-

275 1354 406 1405 stola
465 1371 621 1419 quam
669 1353 955 1405 Ber-toldus
1006 1354 1067 1405 de
1129 1353 1392 1420 Usenbery
1440 1352 1699 1405 Heinrico
1752 1353 1814 1404 de
1865 1352 2130 1419 Verinyen
2164 1371 2202 1403 15

276 1427 491 1490 custodi,
523 1432 710 1493 postea
743 1426 816 1492 (a.
851 1426 1037 1492 1202.)
1070 1426 1301 1494 episcopo
1329 1426 1713 1493 Aryentinensi
1747 1425 1912 1490 misit,
1951 1425 2129 1490 fusius

277 1500 514 1565 exposuit
530 1503 565 1550 4.
633 1501 745 1552 Nec
784 1500 961 1552 minus
1012 1505 1189 1552 carta-s
1239 1499 1400 1552 etiam
1449 1501 1527 1552 vel
1566 1499 1857 1568 diplomata
1895 1499 1952 1550 in
2003 1517 2129 1551 usus

273 1591 393 1625 suos
431 1573 739 1625 convertisse
776 1573 986 1626 videtur
1002 1574 1036 1624 5.

458 1647 691 1699 Ceterum
731 1647 986 1699 nonnulla
1031 1648 1102 1698 ad
1150 1646 1554 1699 Constantiam6
1593 1651 1641 1699 et
1688 1645 1994 1698 (ΙοΖοηίαφπ7
2033 1645 2127 1697 ali-

276 1738 370 1786 quo
410 1721 554 1772 *modo
595 1720 770 1772 redire
808 1725 867 1772 nt
906 1719 1109 1787 neyari,
1156 1719 1237 1772 ita
1277 1719 1579 1772 accuratius
1619 1718 1865 1783 diffiniri
1903 1737 2007 1771 non
2038 1736 2127 1787 po·
2161 1739 2201 1770 20

455 1924 497 1975 1)
533 1923 635 1963 Huc
665 1923 795 1963 etiam
826 1927 987 1975 spectat
1018 1923 1130 1963 illud
1161 1935 1193 1965 c.
1221 1923 1289 1974 11,
1313 1936 1363 1975 Ρ.
1388 1924 1454 1973 12,
1488 1923 1516 1965 Ζ.
1540 1925 1566 1965 2
1584 1935 1673 1976 sq.:
1704 1920 1761 1963 de
1789 1919 1914 1963 cuius
1946 1922 2127 1963 nomine

277 1980 440 2023 dicitur
462 1980 606 2023 adhuc
629 1979 869 2022 Wernheri
889 1980 1078 2024 markia.
1230 1982 1273 2033 2)
1302 1981 1456 2021 Etiam
1483 1981 1533 2021 de
1553 1984 1759 2033 inyressu
1779 1980 2128 2022 Panormitanae

280 2040 402 2081 urbis
443 2053 484 2084 a.
522 2041 649 2084 1194.
693 2041 809 2093 facto
851 2040 906 2080 ab
948 2041 1006 2080 iis
1048 2041 1127 2093 qui
1169 2040 1473 2090 interfuerunt
1517 2038 1613 2080 Otto
1655 2043 1815 2081 certior
1856 2040 2002 2092 factu-s
2041 2052 2127 2079 esse

277 2099 459 2148 ridetur,
491 2113 524 2142 c.
547 2101 618 2152 40,
650 2100 874 2153 imprimis
898 2112 946 2152 p.
969 2099 1039 2150 62,
1074 2099 1101 2140 Ζ.
1126 2100 1252 2142 28—
1257 2112 1305 2152 Ρ.
1330 2099 1401 2151 63,
1433 2099 1461 2142 Ζ.
1486 2100 1525 2141 1.
1667 2097 1710 2152 3)
1749 2111 1781 2141 c.
1805 2098 1876 2149 42,
1901 2111 1949 2151 Ρ.
1975 2099 2043 2141 68.
2077 2098 2127 2138 de

278 2159 375 2199 odio
413 2158 850 2199 Transmarinorum
881 2161 929 2197 in
957 2161 1217 2210 pereffl·inos
1249 2170 1289 2200 a.
1315 2159 1453 2201 1197:
1496 2155 1612 2198 sicut
1653 2155 1708 2198 ab
1745 2155 1827 2210 hjs,
1872 2156 1947 2211 qui
1980 2154 2127 2198 eidem
2159 2169 2199 2200 25

277 2215 558 2271 expedicioni
602 2215 927 2268 interfuerunt,
976 2214 1253 2268 audivimus,
1306 2220 1342 2256 et
1384 2221 1489 2269 post
1526 2228 1706 2269 pauca:
1756 2213 1974 2257 Heinrico
2020 2227 2127 2270 rege

278 2288 447 2327 eorum,
480 2278 531 2317 ut
562 2273 718 2327 fertur,
750 2274 796 2315 in
829 2273 875 2316 id
905 2274 1051 2329 ipsum
1084 2273 1411 2327 consenciente,
1457 2279 1493 2315 et
1517 2288 1566 2327 Ρ.
1589 2275 1658 2317 69.
1692 2275 1743 2315 de
1772 2278 1908 2315 morte
1937 2275 2128 2315 eiusdem

276 2334 504 2374 Heinrici:
535 2336 586 2375 ut
607 2333 761 2387 fertur,
784 2338 822 2374 et
845 2339 975 2374 antea
998 2347 1048 2386 p.
1071 2334 1141 2377 67.
1165 2334 1216 2374 de
1235 2334 1369 2374 inani
1385 2335 1526 2374 castri
1554 2333 1702 2374 Toron
1722 2332 1965 2374 obsidione:
1995 2330 2128 2385 Nam,

276 2392 390 2434 sicut
421 2390 577 2446 fertur,
609 2391 792 2446 quidam
824 2391 880 2434 de
916 2391 1133 2434 militibus
1163 2390 1342 2446 Templi
1385 2405 1410 2433 a
1451 2390 1638 2446 paganis
1668 2391 1870 2446 corrupti
1898 2389 2127 2446 peccunia.

278 2451 342 2503 Cf·
367 2465 399 2495 c.
417 2453 487 2502 39,
513 2465 562 2505 p.
586 2453 643 2496 60
663 2452 737 2504 (cf.
758 2452 892 2493 ettam
913 2452 1042 2504 infra
1061 2464 1108 2504 p.
1132 2451 1269 2503 XIV,
1292 2451 1319 2494 ι.
1346 2452 1515 2505 1—4),·
1545 2463 1578 2494 c.
1600 2453 1673 2503 45,
1701 2464 1748 2504 p.
1772 2453 1843 2494 72.
1932 2451 1978 2504 4)
2003 2462 2036 2493 c.
2053 2451 2126 2501 47,
2160 2462 2202 2494 30

269 2524 315 2563 Ρ.
351 2512 430 2553 76:
461 2508 610 2565 Igitur
639 2523 783 2564 pauca
815 2508 871 2551 de
901 2508 1119 2564 pluribus,
1151 2508 1267 2551 sicut
1296 2507 1539 2551 Bertoldus
1571 2507 1627 2551 de
1658 2497 1878 2554 Osinberc
1908 2506 2128 2550 Hainrico

277 2567 451 2610 custodi
481 2567 825 2623 Argentinensis
857 2567 1043 2610 ecclesie
1074 2567 1130 2610 de
1151 2567 1389 2623 Veringin,
1419 2569 1576 2622 postea
1598 2566 1797 2610 eiusdem
1819 2566 2005 2609 ecclesie
2036 2566 2127 2620 epi-

277 2639 426 2681 scopo,
457 2626 753 2681 transcripsit,
785 2626 860 2681 qui
890 2625 959 2668 his
989 2625 1207 2679 interfuit,
1238 2625 1285 2667 in
1315 2625 1517 2668 medium
1547 2625 1848 2680 producentes
1880 2624 2127 2667 declarabi-

276 2699 388 2738 muS,
417 2690 455 2727 et
485 2699 625 2739 supra
650 2700 697 2739 p.
722 2688 802 2729 75:
834 2689 885 2726 ut
904 2685 1055 2727 veraci
1075 2685 1294 2728 relatione
1315 2684 1630 2739 comperimus,
1655 2699 1703 2739 p.
1727 2686 1807 2728 76:
1839 2683 1954 2726 sicut
1973 2695 2128 2738 perce·

276 2743 424 2798 pimus
456 2743 511 2785 ab
533 2743 613 2797 his,
648 2744 722 2797 qui
744 2743 1059 2787 interfuerunt.
1112 2745 1384 2797 Aryentinae
1403 2743 1701 2784 Sanblasiani
1729 2756 1772 2785 α.
1796 2744 1922 2787 1211.
1956 2745 2128 2783 curiam
2161 2754 2201 2786 35

277 2802 538 2854 habuerunt,
575 2802 779 2853 Enderle,
827 2803 1022 2844 ‘Studien
1059 2802 1166 2843 uber
1196 2802 1278 2843 den
1309 2802 1456 2844 Besitz
1485 2802 1559 2843 des
1589 2801 1794 2843 Klosters
1825 2802 1887 2845 St.
1921 2801 2128 2843 Blasien'

271 2875 318 2914 Ρ.
343 2862 413 2914 66,
447 2865 486 2901 et
515 2862 684 2902 saeculo
716 2861 830 2905 XII.
868 2865 1047 2903 exeunte
1077 2860 1307 2902 Arnoldus
1348 2860 1398 2902 de
1429 2860 1679 2914 Aryentina
1710 2873 1824 2901 unus
1856 2873 1913 2902 ex
1945 2858 2127 2901 seniori-

278 2919 360 2960 bus
401 2918 564 2961 nostris
606 2921 722 2960 inter
763 2921 933 2972 fratres
974 2921 1067 2960 vita
1107 2923 1146 2961 et
1186 2918 1385 2961 moribus
1426 2919 1623 2960 illustres
1658 2922 1881 2959 invenitur
1911 2920 1960 2960 in
1991 2918 2129 2960 Libro

277 2979 615 3019 constructionis
645 2979 905 3020 monasterii
934 2979 996 3019 ad
1024 2990 1060 3021 s.
1093 2978 1301 3019 Blasium
1332 2975 1431 3030 III,
1465 2979 1533 3029 13,
1575 2977 1627 3021 F.
1659 2977 1698 3021 Ι.
1731 2977 1873 3029 Mona,
1912 2977 2127 3028 ‘Quellen-

276 3037 529 3090 sammluny
549 3038 627 3077 der
650 3036 895 3078 Badischen
916 3035 1351 3089 Landesyeschichte'
1371 3035 1459 3088 IV,
1484 3038 1523 3090 1,
1551 3050 1599 3089 Ρ.
1624 3038 1720 3080 111.
1803 3036 1849 3089 5)
1877 3035 1945 3089 Cf.
1968 3049 2035 3079 ex.
2055 3049 2127 3089 qr.
2160 3047 2203 3078 40

276 3108 420 3149 supra
433 3109 482 3148 p.
506 3095 611 3147 VII,
633 3096 661 3138 Ζ.
682 3096 738 3139 14
753 3107 844 3149 sqq.
855 3114 868 3149 ;
896 3108 929 3139 c.
953 3097 1024 3147 28,
1038 3108 1086 3148 p.
1104 3097 1175 3146 40,
1197 3095 1226 3139 Ζ.
1245 3097 1272 3139 5
1286 3108 1376 3148 sqq.
1397 3095 1448 3136 de
1462 3097 1593 3136 curia
1613 3095 1936 3137 Mediolanensi
1953 3107 1994 3138 α.
2014 3095 2127 3138 1186

283 3152 518 3206 (amnestia
551 3184 560 3195 .
596 3188 604 3197 .
639 3189 647 3197 .
692 3152 739 3194 in
779 3156 985 3195 eternum
1026 3166 1238 3195 mansura
1276 3152 1548 3208 stabilitur);
1593 3154 1786 3207 fortasse
1826 3157 1960 3195 etiam
1999 3165 2033 3196 c.
2055 3153 2126 3204 40,

274 3225 319 3264 Ρ.
344 3214 413 3264 62,
438 3212 466 3255 Ζ.
485 3214 666 3266 28-Ρ.
685 3212 754 3264 63,
776 3212 804 3255 l.
825 3214 863 3256 1.
946 3214 990 3266 6)
1017 3224 1050 3256 c.
1074 3214 1115 3264 7,
1139 3226 1189 3266 Ρ.
1207 3214 1248 3265 7,
1273 3212 1298 3256 l.
1318 3214 1375 3256 32
1391 3225 1480 3267 sq.;
1509 3226 1541 3256 c.
1567 3215 1636 3266 10,
1654 3227 1701 3266 Ρ.
1722 3215 1800 3264 10;
1832 3225 1865 3256 c.
1888 3214 1958 3264 27,
1973 3224 2022 3264 Ρ.
2045 3212 2126 3263 39;

278 3284 311 3313 c.
334 3272 405 3322 44,
430 3284 480 3323 Ρ.
503 3272 574 3315 71.
656 3272 702 3323 7)
733 3283 767 3311 c.
790 3272 832 3323 7,
858 3285 907 3326 p.
933 3273 973 3322 7,
1008 3271 1036 3314 l.
1059 3273 1138 3322 323
1171 3284 1204 3315 c.
1230 3272 1297 3324 16,
1322 3284 1371 3324 Ρ.
1396 3273 1463 3323 19,
1495 3271 1547 3312 de
1575 3271 1742 3312 Tribus
1761 3270 1924 3323 Maqis,
1956 3272 2033 3322 qui
2061 3267 2128 3309 in·

279 3327 480 3383 corrupti
511 3332 556 3370 et
577 3329 702 3383 quasi
734 3328 880 3371 adhuc
908 3328 999 3372 vivi
1028 3328 1074 3371 in
1106 3328 1291 3385 singulis
1323 3328 1379 3372 de
1401 3329 1605 3384 precioso
1633 3328 1820 3371 metallo
1840 3326 2128 3381 sarcophagis
2158 3339 2201 3371 45

279 3387 325 3427 in
357 3387 515 3429 eadem
547 3387 735 3430 ecclesia
767 3390 950 3430 actenus
971 3390 1260 3430 reservantur
1289 3388 1404 3442 (cum
1436 3388 1509 3429 his
1538 3389 1594 3441 cf.
1615 3389 1734 3431 Ann.
1755 3387 1992 3439 Isinyrimi
2021 3387 2127 3428 mai.

280 3458 321 3488 α.
346 3448 473 3499 1160,
506 3447 585 3491 SS.
606 3446 764 3499 XVII,
799 3462 843 3502 p.
867 3449 967 3500 314,
999 3448 1027 3492 l.
1051 3449 1107 3491 37
1125 3460 1214 3501 sq.:
1257 3459 1450 3501 quorum
1492 3459 1682 3501 corpora
1724 3444 1883 3497 adhuc,
1927 3446 1978 3486 ut
2018 3442 2127 3498 ipse,
