2377 3802
60 337 95 370 O,
111 337 144 365 Ν,
162 336 218 365 HI.
233 344 260 364 c.
273 333 305 365 ⁴3.

327 167 409 209 106
639 160 966 204 CHRONIOA
997 160 1430 206 UNIVERSALIS
1475 162 1861 210 TURICENSIS.

326 317 382 365 eb
421 316 559 364 'cunc
599 313 871 379 temporis
912 313 1145 363 Austria
1187 330 1285 364 seu
1324 323 1525 367 marchia
1564 323 1804 368 Orientalis
1845 326 2030 369 ducatui
2071 326 2179 369 Ba-

323 412 351 439 v
366 411 390 438 a
403 397 451 438 ri
467 410 489 438 c
504 410 528 437 o
572 396 669 438 iure
701 395 911 438 beneficii
952 395 1106 438 subiac
1118 410 1140 438 e
1154 396 1183 438 b
1197 410 1222 438 a
1234 399 1265 440 t.
1329 395 1369 452 Q
1384 411 1412 438 u
1427 411 1450 439 e
1489 390 1851 454 postmodum
1893 415 1921 455 p
1937 414 1960 442 e
1971 415 1993 442 r
2023 399 2180 443 Eride-

323 455 486 497 ricum
510 463 534 486 a
587 455 662 496 im
680 469 709 510 p
729 469 790 497 er
808 457 950 496 ator
969 469 1055 497 em
1097 469 1123 497 a
1170 454 1338 498 ducatu
1385 455 1682 500 Bavarico
1729 459 1930 501 seiuncta.
1977 458 2173 501 omnib

323 514 338 555 i
355 529 383 556 u
401 529 423 556 r
441 528 463 555 e
514 527 597 569 per
648 528 693 556 se
745 513 991 556 consistens
1043 514 1139 556 iure
1192 517 1237 556 et
1287 514 1469 557 nomine
1522 514 1711 558 ducatus
1757 517 1818 558 in
1835 531 1853 559 s
1872 517 1887 559 i
1903 532 1932 574 g
1949 533 1978 560 n
1998 518 2047 560 it
2064 533 2093 560 u
2110 532 2133 560 r
2152 519 2179 562 ¹.

324 583 430 628 Iste
489 583 750 628 secundus
802 582 1020 642 Pipinus
1071 583 1253 642 genuit
1302 582 1555 628 Karolum
1607 584 1861 644 Magnum
1913 590 1965 632 et
2003 586 2180 632 Karlo-
2213 595 2234 626 5

325 670 579 702 mannum
639 660 690 702 et
747 656 907 701 filiam
967 656 1214 702 Giselam.
1304 656 1411 701 Iste
1470 657 1694 703 Karolus
1746 659 1968 719 Magnus
2026 660 2181 705 Fran·

326 744 502 776 corum
554 744 641 775 rex
689 734 741 775 et
787 730 1141 775 Romanorum
1192 730 1474 789 imperator
1524 731 1659 776 inter
1716 732 1891 791 plures
1943 733 2078 778 filios
2131 737 2182 778 et

325 804 456 848 filias
517 804 851 849 Ludewicum
908 803 1074 849 filium
1132 818 1307 864 regem
1365 805 1648 864 Aquitanie
1707 806 1916 865 reliquit
1979 807 2182 866 imperii

327 891 694 923 successorem.
774 877 879 923 Iste
919 877 1225 923 Ludewicus
1267 879 1574 938 cognomine
1602 878 1725 923 Pius
1759 893 1820 924 ex
1847 879 2183 939 Irmengarde

328 965 418 996 seu
459 951 763 1009 Hiltegarde
815 947 972 996 uxore
1024 966 1119 996 sua
1171 952 1353 1011 genuit
1398 955 1504 997 tres
1556 952 1705 1007 filios,
1748 953 2051 998 Lotharium
2091 953 2182 998 im·
2216 966 2259 996 ιο

326 1025 469 1083 pium
511 1025 671 1083 patris
713 1038 1088 1083 oppressorem,
1130 1025 1391 1085 Pipinum,
1441 1025 1792 1071 Ludewicum.
1871 1027 2014 1072 Inter
2053 1041 2182 1087 quos

325 1098 602 1156 imperium
643 1096 840 1156 prim00
889 1099 964 1143 ita
1015 1099 1208 1154 divisit,
1261 1102 1321 1144 ut
1359 1099 1574 1159 Pipinus
1615 1100 1972 1160 Aquitaniam,
2020 1101 2180 1146 Lude-

325 1172 485 1215 wicus
537 1170 838 1225 Bavariam,
890 1171 1167 1217 Lotharius
1219 1173 1596 1233 primogenitus
1648 1177 1768 1233 post
1819 1175 1929 1220 eius
1982 1175 2181 1220 obitum

327 1245 559 1289 Romano
610 1244 828 1304 imperio
879 1246 1180 1304 presideret.
1271 1246 1608 1306 Irmengarde
1660 1262 1780 1292 vero
1834 1251 2063 1303 mortua,
2121 1262 2182 1293 ex

326 1318 426 1363 alia
477 1331 636 1363 uxore
687 1318 868 1378 genuit
909 1319 1160 1363 Karolum
1211 1321 1517 1379 cognomine
1565 1319 1799 1367 Calvum.
1884 1322 2031 1367 Unde
2070 1323 2182 1382 ipse
2218 1333 2258 1364 15

326 1392 630 1436 Ludewicus
671 1391 793 1436 Pius
834 1392 1171 1452 postmodum
1211 1393 1348 1438 inter
1388 1397 1610 1453 quatuor
1646 1394 1777 1439 filios
1807 1396 1878 1440 sic
1905 1396 2181 1456 imperium

327 1465 518 1520 divisit,
560 1468 619 1510 ut
658 1465 935 1511 Lotharius
976 1466 1224 1521 Ytaliam‚
1277 1467 1583 1512 Ludewicus
1626 1467 1977 1523 Germaniam,
2031 1468 2181 1514 Saxo·

325 1540 483 1594 niam,
526 1539 744 1598 Pipinus
784 1540 1141 1600 Aquitaniam,
1185 1541 1407 1586 Karolus
1435 1541 1708 1586 Franciam
1745 1546 1797 1587 et
1823 1542 2184 1602 Burgundiam

326 1613 555 1658 haberet.
636 1613 744 1658 Isto
796 1628 917 1658 vero
970 1604 1095 1659 Piod
1141 1615 1417 1660 Ludewico
1469 1618 1522 1660 et
1573 1615 1679 1660 filio
1719 1615 1904 1675 Pipino
1945 1616 2180 1673 mortuis,

231 1703 294 1732 ν
328 1688 391 1732 de
432 1687 648 1732 consilio
697 1691 1004 1747 magnatum
1053 1689 1254 1748 imperii
1301 1692 1523 1735 Karolus
1566 1694 1805 1749 accepit
1849 1694 2175 1737 occidentanae
2216 1705 2266 1737 20*

109 1880 154 1914 cf.
174 1884 208 1910 l),
229 1879 292 1909 Fr.

96 1923 175 1954 Chr.
201 1922 307 1960 1335.

78 2783 163 2821 Rey.
184 2793 216 2812 a.
234 2783 309 2814 876.

326 1779 465 1821 regna
498 1779 522 1807 a
554 1763 817 1808 Britannico
850 1780 1045 1808 occeano
1078 1780 1218 1820 usque
1250 1766 1307 1808 ad
1338 1766 1518 1808 Mosam
1550 1767 1752 1822 fluvium,
1785 1775 1851 1809 ex
1884 1775 1995 1825 qua
2022 1760 2183 1826 parte

327 1832 535 1880 extunc
586 1846 763 1896 usque
815 1847 966 1881 nunc
1009 1847 1214 1881 nomen
1257 1830 1493 1882 Francie
1544 1833 1833 1893 remansit,
1884 1841 2183 1885 Ludewicus

327 1898 563 1940 orientalia
605 1912 811 1954 regna,
854 1899 1027 1941 scilicet
1068 1902 1255 1941 totam
1296 1899 1536 1942 Germania
1551 1915 1623 1956 m,
1676 1900 1919 1943 Lotharius
1961 1902 2152 1955 primo
2167 1926 2182 1933 -

327 1958 564 2012 genitus
596 1961 783 1999 totam
814 1957 1007 2000 Italiam
1052 1972 1154 2000 cum
1182 1957 1341 2000 Roma
1374 1962 1430 2001 et
1461 1959 1667 2002 mediam
1699 1963 1906 2015 partem
1930 1959 2182 2014 Francie,

328 2045 483 2085 quam
518 2031 584 2073 de
627 2045 729 2073 suo
762 2031 944 2074 nomine
977 2031 1333 2088 Lotharingiam
1375 2032 1597 2077 vocavit.
1673 2024 1816 2074 Iste?
1855 2029 2180 2084 LudewicuS‚
2216 2042 2262 2074 25

327 2113 488 2159 nepos
531 2100 706 2145 Karoli
747 2101 940 2160 Magni,
983 2115 1072 2145 rex
1113 2100 1408 2155 Germanie‚
1457 2105 1563 2147 tres
1604 2103 1788 2162 genuit
1827 2102 1978 2157 filios,
2021 2102 2182 2148 Lude-

327 2174 531 2228 Wicum,
575 2174 825 2219 Karolum
865 2177 917 2219 et
958 2175 1392 2229 Karlomannum,
1447 2173 1503 2221 et
1557 2170 1861 2221 Berchtam
1905 2174 1961 2222 et
2003 2171 2183 2223 Hilte-

329 2242 559 2308 gardem
603 2246 659 2293 et
700 2243 887 2310 plures
930 2243 1069 2293 alias
1110 2243 1273 2294 filias.
1354 2244 1427 2294 Et
1471 2244 1622 2295 inter
1663 2245 1844 2295 multa
1896 2261 2004 2312 que
2044 2245 2184 2296 fecit

329 2316 555 2382 egregia
595 2316 838 2382 gloriose
879 2317 1147 2368 fundavit
1189 2320 1244 2368 et
1286 2317 1545 2384 largiflue
1585 2318 1821 2379 dotavit,
1864 2323 1930 2369 ut
1969 2319 2029 2368 in
2069 2318 2183 2369 suis

329 2390 709 2456 dignitatibus
738 2393 1077 2452 ostentatur,
1108 2392 1513 2442 monasterium
1543 2392 1749 2459 regalis
1778 2392 2004 2443 abbatie
2031 2392 2183 2442 intra
2216 2410 2259 2441 30

329 2479 516 2514 muros
567 2460 851 2531 Thureg.f
894 2463 1350 2516 Constantiensis
1404 2465 1658 2527 diocesiS,
1705 2466 1765 2515 in
1816 2483 1925 2531 quo
1972 2466 2183 2532 predic-

327 2539 415 2586 tas
444 2536 605 2599 filias,
649 2538 954 2589 Berchtam
986 2538 1205 2589 scilicet
1234 2542 1290 2589 et
1318 2538 1734 2605 Hiltegardem,
1778 2539 1879 2589 sub
1907 2539 2183 2606 religione

330 2611 541 2661 ordinis
583 2612 765 2662 saneti
805 2611 1104 2663 Benedicti
1145 2612 1335 2679 posuit
1376 2616 1433 2662 et
1472 2612 1729 2679 prefecit.
1809 2617 2045 2662 Tandem
2072 2618 2184 2677 ipse

330 2706 445 2735 anno
491 2695 545 2736 ab
588 2694 904 2737 incarnacione
935 2694 1122 2737 Domini
1157 2693 1566 2739 DCCOLXXHII.
1616 2687 1922 2736 Secundum
1981 2686 2183 2737 Frisiu-

330 2758 596 2821 gensem3
634 2758 723 2808 Vel
765 2767 854 2809 VI⁰
891 2759 1052 2808 iuxta
1094 2758 1389 2809 Oronicam
1430 2758 1740 2825 Reginonis
1781 2772 1889 2824 aput
1928 2769 2183 2812 Francone-
2217 2781 2265 2812 35χ

329 2823 422 2866 furt
454 2825 673 2879 palatium
713 2826 832 2868 diem
877 2826 1035 2868 clausit
1070 2829 1323 2869 extremum
1357 2826 1413 2870 V.
1448 2826 1524 2871 Kl.
1560 2827 1683 2882 Sept.
1718 2829 2008 2882 sepultusque
2041 2831 2106 2871 est
2138 2829 2183 2870 in

330 2885 602 2925 monasterio
637 2885 778 2926 sancti
812 2884 1004 2939 Nazarii,
1037 2885 1159 2939 quod
1195 2885 1500 2927 Loroshamg
1532 2891 1832 2941 nuncupatur.
1894 2886 2001 2929 Fuit
2033 2891 2184 2930 autem

332 2941 413 2983 iste
445 2943 652 2997 princeps
693 2943 1096 2997 christianissimus,
1140 2943 1228 2985 fide
1273 2944 1531 2998 catholicus,
1576 2959 1667 2988 non
1711 2947 1855 2988 solum
1896 2946 2182 3000 secularibus,

507 3105 541 3143 a)
568 3103 778 3135 Pidericum
796 3107 855 3143 (J),
880 3114 1056 3144 super-scr.
1088 3107 1117 3136 Ι.
1137 3106 1212 3137 1*α.
1306 3108 1341 3147 b)
1368 3105 1439 3138 osifi
1459 3107 1533 3138 βα.
1627 3111 1658 3145 c)
1682 3109 1800 3146 primo
1819 3109 1871 3137 bis
1887 3107 1960 3138 1**.
2054 3106 2091 3147 d)
2117 3108 2183 3138 Pio

331 3156 397 3177 om.
420 3148 493 3178 12²³.
558 3149 591 3189 e)
610 3150 660 3178 ita
678 3149 754 3188 1**;
776 3151 969 3180 orientalia
990 3150 1063 3180 1⁷³«.
1127 3152 1154 3190 f)
1173 3151 1335 3191 Thureg.
1356 3153 1434 3182 μα.
1500 3162 1533 3191 g,
1554 3153 1757 3183 Lai-asbain
1774 3161 1866 3182 corr.
1887 3152 2091 3183 Lorashain
2110 3152 2182 3182 1**.
2215 3153 2263 3183 40

509 3284 550 3333 1)
587 3283 803 3335 A,1156;
845 3282 902 3332 cf.
941 3282 1035 3323 Otto
1068 3284 1116 3323 de
1149 3284 1191 3326 S.
1228 3284 1382 3325 Blasio
1414 3298 1445 3327 c.
1481 3286 1519 3335 6,
1553 3297 1695 3337 supra
1721 3298 1768 3337 p.
1794 3286 1925 3337 qu.;
1968 3283 2019 3326 G.
2052 3283 2180 3326 Frid.

330 3337 397 3391 II,
432 3341 499 3382 55.
655 3340 697 3393 2)
740 3341 811 3381 Ea
855 3355 964 3393 quae
994 3347 1238 3394 sequuntur
1269 3356 1404 3395 usque
1445 3344 1503 3383 (cd
1536 3342 1790 3391 subnotare,
1827 3356 1874 3395 p.
1910 3344 2007 3393 108,
2051 3342 2077 3384 l.
2115 3345 2182 3394 11,

329 3398 473 3499 εἷζὲᾱῖέ
497 3399 548 3441 G.
583 3399 742 3451 lVaz’tc,
778 3400 844 3442 (Ν,
877 3400 1075 3452 A7·che'z·’,
1110 3401 1195 3453 JV,
1222 3416 1268 3454 p.
1293 3404 1480 3445 :aa—41.
1585 3404 1628 3455 3)
1669 3401 1835 3442 Oltonz's
1865 3401 1984 3443 Fris.
2021 3400 2182 3444 Clu-on.

402 3489 413 3508 ‚
479 3492 486 3499 .
