2377 3802
127 930 166 960 10

122 1301 163 1332 15

119 1670 161 1700 20

119 2039 160 2071 25

119 2407 161 2439 30

121 2886 161 2917 35

118 3181 162 3211 40

584 97 854 142 OTTONIS
886 99 966 142 DE
997 99 1043 146 S.
1076 99 1305 144 BLASIO
1339 99 1681 147 CHRONIGA.
2009 105 2064 148 15

201 268 402 308 corum,
456 253 711 300 nobilium
767 256 876 302 sive
926 257 1250 317 ignobilium,
1300 258 1367 303 ad
1407 258 1543 304 hanc
1594 259 1792 304 curiam
1844 258 2060 319 Papiam

200 327 603 383 confluentibus,
647 328 897 375 concilioa
931 331 996 376 ab
1037 331 1291 391 episcopis
1332 331 1527 386 habito,
1570 332 1791 377 exclusis
1832 333 2058 392 primum

199 416 319 446 cum
358 401 669 461 imperatore
715 403 887 460 laicis,
943 393 1298 450 Octavianusb
1356 405 1444 464 qui
1490 408 1542 450 et
1582 405 1759 450 Victor
1805 419 1923 451 cum
1965 421 2059 451 sua

198 480 346 535 parte
397 475 588 521 iudicio
639 477 791 522 istius
845 476 1079 523 concilii⁰
1129 491 1183 522 se
1235 479 1559 537 presentavit
1610 492 1768 538 seque
1807 479 2060 525 iudicium

199 549 413 594 ecclesie
454 548 720 595 humiliter
762 551 934 596 subire
986 541 1316 610 profitetur‘l.
1396 542 1704 595 Ri‘ilanduse
1755 555 1933 597 autem
1973 554 2059 612 qui

199 625 251 668 et
288 623 587 668 Alexander
626 637 745 670 cum
785 638 880 669 sua
919 627 1065 684 parte
1112 635 1169 670 se
1211 618 1498 680 canonice,
1545 621 1746 685 utpote
1788 636 1820 669 a
1860 620 2060 671 maiori

199 694 256 742 et
297 691 506 743 saniori
546 696 724 760 parte,
769 692 1011 744 electum
1054 691 1384 742 affirmans1
1411 708 1514 742 nec
1556 708 1837 742 summum
1878 695 2059 760 ponti-

199 766 361 817 ficem
414 782 445 816 a
498 765 643 817 laico
696 765 861 816 citari
912 783 1196 830 omnesque
1247 770 1412 829 ipsius
1463 770 1655 816 iudicio
1703 771 1968 817 subiacere
2009 777 2061 818 et

198 845 372 904 ipsum
413 858 444 889 a
483 845 692 889 nemine
731 843 949 888 iudicari
982 843 1170 888 debere
1199 846 1502 889 contestans
1544 844 1665 890 huic
1705 844 1957 891 concilioa
2005 861 2057 891 se

198 918 499 964 absentavit
537 931 632 963 nec
672 917 1000 976 responsales
1042 917 1244 977 aliquos
1285 931 1376 977 pro
1418 931 1472 963 se
1501 918 1801 964 destinavit.
1884 913 2058 965 Cuius

198 986 599 1038 absentacione
652 985 894 1036 concilio
941 985 1294 1052 presidentes
1343 987 1588 1053 permoti
1627 992 1933 1038 electionem
1974 993 2055 1038 do-

199 1065 324 1109 mini
347 1064 568 1109 Victoris
598 1064 904 1109 canonica-m
933 1065 1225 1110 iudicantes
1254 1065 1554 1111 Alexandro
1582 1067 1856 1126 reprobato
1884 1068 2054 1127 ipsum

195 1139 248 1182 in
289 1152 557 1182 summum
596 1137 899 1197 pontificem
939 1137 1151 1184 favente
1191 1139 1502 1198 imperatore
1531 1140 1773 1186 omnibus
1810 1142 2058 1201 presenti·

195 1211 292 1256 bus
351 1214 659 1271 receperunt
717 1212 964 1272 omnique
1023 1212 1325 1258 obediencie
1378 1215 1673 1259 reverencia
1714 1215 1760 1260 ei
1808 1215 2054 1271 exhibita,

193 1285 414 1345 pedibus
474 1285 586 1331 eius
645 1288 828 1346 utpote
887 1286 1159 1346 apostolici
1218 1301 1338 1332 cum
1397 1287 1747 1333 oblationibus
1789 1289 2054 1343 osculatis,

193 1359 472 1405 concilium
514 1359 746 1416 solvitur,
801 1361 1213 1421 ascendentique
1265 1375 1457 1421 equum
1503 1362 1787 1421 imperator
1826 1366 2053 1423 strepam

193 1447 284 1493 pro
325 1433 635 1479 sacerdotali
674 1434 971 1480 reverencia
1010 1437 1196 1480 tenens
1225 1446 1282 1481 se
1322 1430 1607 1481 fautorem
1643 1434 1700 1482 et
1728 1428 2054 1483 auctoremf

193 1502 572 1569 promocionis
611 1503 789 1571 ipsius
831 1503 1101 1555 ostendit.
1182 1503 1508 1555 Alexander
1547 1507 1739 1556 autem
1779 1522 1906 1556 cum
1948 1523 2055 1555 nia-

193 1576 298 1627 iori
348 1579 508 1644 parte
561 1576 940 1628 cardinalium
995 1577 1109 1628 vim
1163 1578 1370 1629 cesaris
1422 1595 1537 1629 non
1577 1580 1863 1630 sustinens
1905 1579 2054 1630 Urbe

195 1650 400 1701 cessit2
452 1667 515 1701 ac
556 1650 616 1700 in
657 1653 848 1718 partes
889 1651 1115 1718 Apulie,
1161 1650 1421 1703 Calabrie
1463 1654 1521 1703 et
1563 1652 1786 1704 Sicilie3
1837 1657 2055 1720 aposto-

191 1723 302 1775 lica
342 1723 747 1775 nichilominus
787 1728 956 1776 utens
997 1725 1341 1777 auctoritate
1394 1743 1451 1777 se
1494 1726 1740 1777 contulit
1779 1727 2054 1779 fautores·

193 1814 300 1864 que
341 1797 588 1849 Victoris
629 1815 758 1849 cum
800 1799 1041 1850 concilio
1082 1798 1348 1867 Papiensi
1399 1800 1726 1851 detestans4
1769 1801 1828 1850 in
1876 1804 2055 1868 potes-

192 1873 313 1923 tate
358 1871 747 1923 Willehelmig
789 1873 938 1940 regis
980 1872 1172 1924 Sicilie
1213 1873 1423 1924 mansit
1463 1873 1832 1940 aliquamdiu.

374 1949 456 1996 14.
517 1946 687 1997 Anno
740 1946 810 1998 ab
861 1947 1254 1998 incarnatione
1295 1947 1530 1999 Domini
1575 1947 1831 1999 MOCLX.
1884 1953 2053 1999 Fride-

1570 2018 1594 2047 h

192 2024 329 2070 ricus
380 2025 663 2085 imperator
713 2026 1012 2071 convocatis
1064 2026 1307 2072 omnibus
1358 2027 1556 2072 Italicis
1645 2027 1928 2073 baronibus
1974 2042 2054 2088 ge-

2081 274 2124 304 G.
2145 274 2206 304 Fr.
2224 274 2248 306 I.
2270 283 2299 305 c,

2081 326 2207 368 1160.

2078 384 2229 422 (Pelva).

2077 1953 2202 1995 1158.

2074 2010 2214 2048 (Nom).

2073 2055 2184 2084 G.Fr.
2197 2054 2334 2095 111,53.

191 2098 423 2144 neralem
481 2099 679 2144 curiam
738 2100 878 2160 apud
935 2100 1236 2146 Roncaliam
1292 2114 1413 2146 cum
1471 2102 1699 2147 maximo
1757 2102 2055 2162 principum
2074 2099 2139 2137 Νι
2169 2099 2289 2130 1-10·

192 2175 456 2218 conventu
505 2173 787 2219 celebravit
834 2173 1008 2235 ibique
1058 2175 1322 2220 renovatis
1373 2175 1602 2235 antiquis
1647 2175 1850 2236 legibus
1889 2190 2053 2221 novas

193 2247 257 2292 de
312 2261 406 2293 suo
460 2247 815 2308 promulgavit
868 2262 928 2293 ac
984 2248 1202 2294 diversis
1258 2249 1463 2308 imperii
1512 2250 1741 2309 negociis
1797 2250 2052 2310 expeditis

191 2321 304 2366 iura
345 2310 580 2366 disuetai
631 2322 685 2366 in
726 2322 1161 2368 consuetudinem
1203 2323 1410 2368 reduxit
1447 2325 1515 2378 et,
1558 2337 1659 2383 quo
1698 2323 1824 2369 iuris
1864 2338 2051 2384 genere

192 2395 435 2440 civitates
475 2385 692 2441 Italicek
737 2396 1069 2442 subiacerent
1118 2397 1350 2457 imperio,
1403 2397 1717 2442 iudicialiter
1756 2398 2048 2458 exquisivit.

369 2564 404 2605 a)
429 2564 583 2595 consilio
608 2564 640 2595 2.
734 2564 771 2604 b)
796 2564 1025 2596 octovianus
1049 2565 1081 2595 2.
1187 2566 1220 2602 c)
1244 2565 1390 2596 consilii
1406 2565 1437 2596 2.
1539 2565 1575 2603 d)
1599 2565 1643 2595 -i-
1665 2566 1736 2596 alio
1761 2568 1890 2596 atram.
1918 2566 1953 2595 in
1978 2567 2051 2597 loco

193 2616 274 2638 raso
311 2609 342 2639 1.
474 2610 508 2647 e)
545 2602 629 2640 1³51.
656 2609 688 2639 2.
802 2609 831 2648 f)
863 2612 1056 2648 sequuntur
1089 2610 1231 2640 circiter
1256 2611 1272 2640 7
1298 2610 1437 2640 litterae
1461 2618 1584 2640 erasae
1607 2611 1639 2640 1.
1747 2610 1785 2650 g)
1816 2610 1994 2642 wilberni
2018 2611 2048 2643 2.

193 2652 230 2691 h)
255 2656 309 2692 γι.
335 2653 366 2684 2.
460 2653 486 2691 i)
510 2655 560 2683 ita
585 2656 616 2684 1.
643 2653 681 2693 2;
709 2651 864 2685 desueta
894 2654 1020 2684 Urstis.
1113 2653 1150 2692 k)
1174 2654 1290 2694 ytalie
1315 2655 1347 2684 2.

372 2816 415 2867 1)
454 2815 520 2867 Cf.
553 2817 676 2869 epist.
709 2817 976 2868 Alexandri,
1012 2817 1063 2861 G.
1096 2817 1226 2861 Frid.
1259 2818 1289 2858 I
1298 2818 1346 2870 V,
1380 2819 1450 2861 61.
1572 2819 1617 2871 2)
1654 2818 1754 2859 Iam
1786 2819 1920 2860 multo
1952 2825 2051 2860 ante

192 2873 422 2914 concilium
448 2873 664 2927 Papiense
695 2888 736 2919 a.
761 2878 888 2920 1159.
913 2876 1042 2929 Sept,
1067 2877 1307 2930 paulisper
1326 2881 1500 2918 tantum
1533 2891 1575 2917 a.
1601 2879 1727 2921 1161.
1759 2878 1861 2921 Iun.
1885 2877 2051 2919 Romae

194 2936 408 2975 moratus,
561 2933 604 2988 3)
644 2934 900 2988 Perperam.
932 2937 1171 2988 Anayniae
1201 2941 1240 2977 et
1269 2936 1540 2978 Terracinae
1573 2937 1759 2990 aliisque
1783 2939 2054 2990 patrimonii

192 2990 386 3032 Romani
423 2991 527 3031 locis
557 2993 816 3034 Alexander
856 2999 1059 3035 moratus
1089 2999 1165 3047 est,
1209 2995 1314 3035 dum
1358 3008 1398 3039 a.
1435 2997 1562 3039 1161.
1595 2995 1694 3038 Dec.
1734 3000 1914 3036 exeunte
1944 3010 2052 3036 nare

192 3062 436 3101 conscensa,
469 3050 642 3091 Ianuae
670 3052 949 3105 aliquamdiu
973 3058 1188 3106 moratus,
1222 3067 1262 3097 a.
1287 3056 1414 3098 1162.
1448 3054 1588 3098 Mart.
1621 3059 1799 3095 exeunte
1828 3057 1878 3096 in
1899 3055 2049 3096 Fran-

192 3110 309 3149 ciam
339 3110 584 3162 navigaret,
629 3111 744 3151 unde
785 3123 826 3154 a.
861 3114 989 3156 1165.
1021 3113 1129 3155 Νου.
1163 3113 1354 3153 Romam
1395 3127 1598 3155 reversus
1635 3114 1736 3154 inde
1766 3114 1822 3155 ab
1854 3127 1895 3154 a.
1922 3116 2049 3158 1167.

193 3168 364 3208 diutius
395 3170 444 3209 in
474 3180 610 3221 regno
641 3168 820 3210 Siciliae
849 3171 972 3223 apud
999 3171 1288 3212 Beneventum
1319 3173 1529 3213 exulavit.
1649 3174 1694 3223 4)
1730 3173 1832 3213 Iam
1855 3186 1895 3216 a.
1921 3175 2047 3216 1159.

193 3227 307 3280 Sept.
341 3229 410 3271 27.
462 3227 734 3269 Terracinae
787 3227 955 3270 Victore
994 3230 1274 3271 anathemate
1308 3244 1520 3284 percusso
1568 3231 2047 3283 (Jaffe-Loewenfeld7

191 3286 297 3339 Rey.
322 3290 446 3340 pont.
479 3299 550 3330 nr.
586 3289 641 3330 10
653 3288 762 3334 587)
793 3287 1053 3328 Alexander
1084 3302 1124 3331 a.
1155 3291 1283 3332 1160.
1315 3289 1455 3333 Mart.
1488 3292 1556 3333 24.
1590 3291 1826 3342 Anayniae
1854 3291 2047 3342 impera-

191 3349 326 3387 torem
369 3359 599 3399 omnesque
654 3346 843 3387 Victoris
884 3347 1110 3388 adiutores
1151 3348 1416 3389 sollemniter
1456 3350 1859 3400 excommunicavit,
1900 3348 2047 3401 Jaffe'-

191 3404 477 3458 Loewenfeld,
509 3405 612 3458 Rey.
637 3408 764 3458 pont.
795 3418 866 3449 nr.
892 3407 946 3449 10
959 3406 1058 3449 628.
