2351 3802
341 147 458 190 XVI
1069 144 1239 188 PRAE
1250 144 1458 190 FATIO.

523 295 665 359 Quae
717 299 849 346 certo
889 311 994 346 non
1036 311 1136 361 per
1180 294 1386 361 lonynm
1437 296 1680 363 temporis
1727 298 1960 363 spatium
2001 301 2188 366 paula-

341 369 448 432 tim,
501 369 593 419 secl
638 384 758 432 an0,
810 372 868 419 itt
917 367 997 419 ita
1047 367 1238 432 dicam,
1281 369 1478 420 calamo
1522 370 1823 436 perscripta
1872 376 1963 424 est.
2042 373 2188 424 Nam

337 459 374 493 c.
425 447 472 493 3.
523 445 646 507 post
707 445 923 492 mortem
978 440 1256 493 Friclerici
1307 442 1353 492 I.
1414 443 1563 494 (lucis
1613 443 1870 496 Austriae
1927 463 1976 495 a.
2028 451 2184 511 1198,

337 533 375 566 c.
422 520 448 565 7
504 514 577 582 (p.
622 518 671 578 8,
713 515 744 565 l.
789 512 881 581 25)
921 519 1045 580 post
1096 519 1305 566 mortem
1352 514 1555 566 Ottonis
1595 515 1644 566 I.
1698 517 1847 568 clncis
1890 517 2187 571 Baioariae

336 607 384 640 a.
420 593 575 651 1183,
619 605 657 640 c.
692 592 776 639 10.
819 593 866 639 et
903 606 943 640 c.
974 593 1060 639 46.
1095 593 1214 655 post
1252 593 1463 640 mortem
1493 587 1739 655 Philippi
1777 591 1918 656 reyis
1945 609 1994 643 a.
2029 596 2182 655 1208,
2217 611 2237 642 5

336 680 374 712 c.
407 667 474 713 24
533 659 605 727 (Ρ.
638 666 723 724 36,
767 662 797 713 l.
833 660 927 727 11)
970 667 1090 727 post
1140 666 1350 713 mortem
1389 660 1644 713 Heinrici
1681 662 1878 715 Leonis
1930 683 1977 716 a.
2025 669 2182 728 1195,

335 753 373 786 c.
405 741 473 786 42
519 732 592 801 (p.
625 739 710 798 67,
751 735 782 786 Ζ.
815 733 871 801 6)
905 740 1025 802 post
1052 734 1378 802 imperialem
1413 734 1619 787 Ottonis
1647 735 1756 786 IV.
1799 737 2184 790 coronationem

334 827 381 859 α.
429 809 617 871 12091,
671 825 710 860 c.
752 813 820 858 45
863 808 937 874 (p.
981 813 1064 873 72,
1113 809 1145 859 l.
1190 807 1281 873 15)
1322 809 1607 875 complures
1652 826 1820 860 annos
1862 815 1984 876 post
2018 811 2183 863 Hein-

333 881 437 933 rici
475 882 571 932 VI.
614 881 950 948 imperatoris
993 886 1205 933 mortem
1254 881 1505 947 scriptam
1555 887 1642 933 est.
1742 881 1937 935 Contra
1988 901 2026 935 c.
2072 885 2185 935 3O.2

332 960 451 1006 arcte
482 953 757 1006 Friclerici
784 955 870 1006 II.
911 954 1297 1022 expeditionem
1336 955 1758 1008 transmarinam
1796 973 1845 1007 a.
1880 961 2182 1009 1228-29.
2218 977 2258 1007 10

330 1027 588 1095 scriptum
626 1044 732 1079 esse
761 1032 924 1093 patet.

718 1170 765 1242 ἕ
802 1172 856 1226 4.
933 1173 1068 1237 Qui
1111 1174 1447 1225 Chronica
1483 1176 1598 1226 usi
1636 1176 1792 1228 sint.

514 1276 723 1328 Ottonis
762 1278 822 1328 (le
864 1276 918 1328 S.
958 1276 1147 1329 Blasio
1196 1276 1462 1329 Chronica
1500 1278 1668 1329 meclii
1717 1278 1832 1330 aevi
1871 1279 2182 1345 temporibus

331 1368 431 1401 non
482 1350 703 1402 multum
754 1349 815 1401 in
867 1368 968 1401 usn
1015 1350 1136 1416 fnit,
1178 1356 1226 1402 et
1261 1350 1370 1402 nisi
1409 1351 1470 1403 in
1508 1351 1716 1419 regione
1757 1352 1982 1403 Sumen
2010 1370 2181 1418 paene

331 1423 604 1490 incoynita
660 1423 828 1488 fuisse
885 1423 1108 1476 videtur.
1191 1423 1253 1476 Si
1305 1429 1538 1491 tempora
1586 1426 1750 1477 solum
1787 1430 2003 1490 spectas,
2055 1425 2180 1489 fieri
2214 1446 2253 1477 15

318 1497 512 1563 potuit,
553 1502 613 1549 itt
651 1497 713 1548 in
739 1497 1039 1549 Annalium
1065 1498 1502 1550 IVIarbacensiicm
1521 1504 1786 1566 postrema
1812 1499 2179 1551 retractatione

330 1568 356 1635 ζ
355 1571 418 1622 Ν
414 1570 648 1637 eubzcryi,
677 1571 727 1622 si
752 1570 1031 1623 Blocliium
1058 1570 1349 1638 sequimur)
1380 1572 1736 1624 adhiberetur.
1811 1572 1914 1624 Cui
1939 1572 2178 1637 opinioni

328 1662 441 1695 cum
468 1644 602 1707 forte
640 1644 946 1710 sicffh‘ayari
984 1644 1246 1707 videatur,
1290 1647 1424 1710 qnod
1460 1645 1521 1696 in
1559 1645 1650 1697 illo
1677 1646 1993 1697 monasterio
2022 1647 2179 1697 cocleae

327 1717 544 1782 quidam
592 1717 793 1769 Ottonis
831 1717 1207 1783 Fi⁴i7sin9ei=2sis
1256 1718 1576 1770 recensionis
1623 1718 1667 1771 C
1715 1718 2009 1784 exscriptus
2048 1724 2123 1770 est
2141 1721 2173 1781 3,

328 1808 431 1842 non
473 1796 580 1842 tam
610 1791 854 1858 praecise
893 1808 1050 1856 qaam
1088 1791 1291 1842 Bloch4
1329 1791 1629 1857 restiterim,
1684 1809 1998 1858 quamquam
2049 1792 2177 1844 certi
2209 1814 2250 1844 20

326 1864 604 1930 quicquam
644 1864 890 1928 diffiniri
926 1864 1019 1915 iix
1048 1870 1237 1931 potest.
1311 1865 1492 1930 Neque
1531 1865 1722 1917 certius
1760 1871 1818 1917 ut
1853 1865 2054 1931 neyari,
2095 1866 2176 1918 ita

325 1937 603 2000 affirmari
650 1943 818 2004 potest
872 1937 1250 1989 Barchamlicm
1320 1939 1760 2006 Ursperyensemf’
1816 1944 1865 1991 et
1925 1939 1977 1990 S.
2027 1939 2177 1991 Galli

325 2011 634 2062 monachosss
683 2011 1004 2063 Chronicani
1048 2016 1287 2063 nostram
1326 2012 1510 2078 legisse
1549 2031 1614 2064 eoo
1653 2030 1811 2078 eaque
1843 2012 2174 2079 paucissima

502 2154 543 2210 1)
577 2156 649 2207 Et,
683 2160 731 2196 ut
760 2155 874 2196 milii
896 2156 1066 2208 quidem
1105 2157 1290 2209 videtur,
1325 2156 1474 2197 Ottone
1504 2156 1588 2200 IV.
1621 2157 1852 2209 superstite
1894 2158 1945 2208 (γ’-
1978 2169 2017 2200 α,
2045 2158 2171 2200 1218.

324 2214 440 2254 Maii
474 2216 565 2266 19).
716 2216 761 2268 2)
797 2214 847 2257 P.
870 2217 941 2267 43,
977 2216 1003 2257 l.
1029 2217 1084 2258 23
1102 2228 1190 2268 sos
1228 2214 1413 2269 ipsaque
1445 2214 1569 2270 regio
1603 2214 1692 2256 iam
1723 2228 1805 2268 per
1835 2215 2001 2256 multos
2035 2228 2173 2256 annos
2204 2228 2245 2259 25

321 2273 507 2327 paganis
540 2272 721 2314 subdita
751 2272 905 2328 gemit.
972 2272 1037 2326 Cf.
1072 2277 1203 2314 etiam
1234 2287 1265 2316 c.
1290 2276 1346 2317 35
1364 2274 1454 2327 fin„
1479 2288 1528 2327 p,
1552 2276 1622 2317 53.
1744 2276 1788 2325 3)
1823 2273 1890 2326 Cf.
1917 2275 2171 2326 praefatio-

321 2345 415 2372 nem
462 2345 600 2373 meam
646 2334 694 2372 in
744 2332 912 2373 Ottonis
956 2332 1265 2385 Frisinyensis
1312 2332 1573 2374 Chronicam
1611 2347 1660 2385 p.
1700 2333 1804 2375 LII.
1984 2333 2029 2385 4)
2075 2333 2172 2373 ‘Die

321 2391 604 2431 elsc'issisclien
645 2391 850 2431 Annalen
892 2391 969 2432 cler
1011 2391 1301 2442 Stauferzeit'
1338 2405 1388 2444 p.
1423 2393 1519 2435 128.
1585 2391 1708 2442 Quod
1739 2395 1891 2431 ratum
1921 2391 2171 2432 habuerunt

323 2448 367 2491 Ο.
402 2450 773 2502 Holder-quer,
820 2451 886 2493 ‘N.
921 2450 1107 2491 Archiv’
1139 2449 1373 2502 XXXIV,
1400 2464 1448 2503 p.
1473 2452 1571 2502 247,
1616 2451 1674 2493 K.
1709 2451 1896 2503 Hampe,
1944 2450 2167 2494 ‘Zeitsclzr.

318 2510 347 2558 f.
383 2509 422 2551 cl.
461 2509 705 2550 Gescliiclzte
735 2510 808 2550 cles
842 2508 1125 2550 Oberrhcins’
1157 2509 1332 2549 LXIII
1357 2509 1446 2562 (‘N.
1476 2507 1543 2553 F!
1575 2509 1777 2563 XXIV),
1803 2523 1851 2561 p.
1875 2511 1973 2559 357,
2006 2512 2054 2549 in
2086 2509 2166 2548 clu·
2202 2521 2242 2552 30

318 2568 437 2607 bium
478 2571 642 2609 vocavit
683 2567 741 2610 H.
784 2567 1073 2620 Simonsfeld,
1121 2567 1307 2610 ‘Histor.
1352 2567 1804 2618 Vierteljalirsclirift’
1847 2567 1953 2608 XII
1992 2568 2166 2619 (1909),

310 2640 357 2678 p.
381 2628 481 2669 417.
634 2627 677 2679 5)
717 2627 790 2666 Aa
823 2626 1016 2668 Ottonem
1048 2628 1098 2667 cle
1129 2626 1174 2667 S.
1208 2627 1362 2667 Blasio
1393 2639 1425 2669 o.
1449 2629 1518 2678 33,
1544 2641 1593 2679 p.
1616 2628 1674 2670 48
1690 2640 1751 2679 sq.
1784 2630 1900 2667 inter
1931 2630 2068 2666 cetera
2100 2639 2167 2666 re-

317 2685 438 2733 ferre
472 2687 696 2737 potueris,
743 2685 858 2737 quool
897 2685 1213 2738 Ursperyensis
1255 2698 1295 2727 a.
1333 2687 1460 2728 1192.
1507 2685 1557 2725 de
1603 2685 1789 2726 Tusculo
1835 2685 1983 2725 diruto
2028 2684 2165 2737 habet,

318 2742 394 2785 SS.
428 2743 614 2795 XXIII,
642 2757 690 2796 p.
713 2745 814 2795 363,
846 2745 873 2786 l.
898 2746 954 2786 43
972 2757 1062 2796 sq..·
1097 2742 1186 2784 Pro
1221 2757 1307 2796 qua
1337 2757 1386 2784 re
1417 2743 1681 2797 imperatori
1711 2742 2067 2797 improperatum
2100 2749 2166 2785 est

319 2813 342 2841 a
373 2801 537 2843 multis.
603 2802 799 2842 Ceteram
830 2803 884 2854 cf.
917 2815 983 2845 ex.
1015 2815 1084 2854 qr.
1117 2815 1149 2845 c.
1177 2804 1245 2854 18,
1272 2816 1318 2855 p.
1344 2805 1413 2853 21,
1447 2802 1471 2844 l.
1497 2805 1644 2854 3sqq.‚
1683 2806 1719 2842 et
1750 2815 1782 2844 c.
1809 2803 1862 2845 19
1879 2803 1968 2844 in..·
2002 2800 2163 2845 Chi-on.
2197 2814 2238 2845 35

324 2859 529 2912 Ursperq.
565 2873 604 2903 a.
632 2862 757 2911 1165,
785 2875 831 2914 p.
856 2863 966 2913 355;
1011 2874 1045 2901 c.
1068 2863 1137 2912 21,
1163 2874 1210 2912 p.
1235 2863 1292 2904 30
1308 2874 1395 2914 sq&
1437 2860 1539 2903 Chr.
1586 2860 1716 2912 Ursp.
1762 2873 1803 2903 a.
1840 2861 1966 2911 1176,
1995 2874 2040 2913 2).
2064 2862 2163 2912 358,

316 2918 342 2960 l.
368 2921 422 2962 29
441 2931 564 2970 sqq.,·
595 2932 627 2961 c.
651 2920 722 2970 26,
747 2933 796 2972 p.
820 2921 874 2962 37
891 2932 981 2972 sq:
1015 2919 1116 2960 Chr.
1151 2919 1280 2972 Ursp.
1316 2932 1356 2959 a.
1382 2921 1510 2970 1181,
1539 2933 1586 2973 p.
1609 2921 1708 2964 358.
1861 2920 1904 2972 6)
1952 2919 2017 2971 Cf.
2053 2919 2163 2960 Con-

315 2977 424 3016 radi
469 2977 519 3017 de
570 2977 774 3017 Fabaria
823 2977 992 3020 Contin.
1040 2990 1223 3018 casuum
1267 2977 1309 3020 S.
1347 2977 1470 3017 Galli
1513 2989 1545 3020 c.
1580 2979 1627 3029 9,
1683 2979 1745 3020 ecl.
1794 2977 1845 3020 G.
1890 2978 2040 3031 Meyer
2081 2991 2163 3018 iton

313 3036 527 3085 Knonau,
565 3035 917 3088 ‘Mitthellunyen
947 3049 1033 3076 zur
1063 3036 1442 3076 vaterlc‘indischen
1476 3036 1744 3077 Geschichte’
1778 3035 1931 3076 XVII
1967 3036 2059 3089 (‘N.
2092 3035 2161 3078 F!

326 3094 450 3145 VII),
494 3094 556 3136 St.
593 3094 748 3135 Gallen
782 3096 909 3146 1879,
943 3108 991 3147 p.
1018 3096 1102 3138 150
1117 3107 1179 3147 sq.
1223 3100 1296 3148 (z
1329 3108 1362 3138 c.
1387 3097 1426 3147 7,
1459 3093 1538 3138 SS.
1573 3093 1640 3146 II,
1666 3109 1714 3148 p.
1740 3096 1848 3149 168)
1864 3109 1879 3135 .·
1921 3093 2054 3137 Unde
2092 3107 2160 3136 ac·
2192 3107 2235 3137 40

315 3151 437 3205 cidit,
470 3155 521 3193 ut
550 3152 710 3193 maiori
742 3165 825 3206 pro
856 3156 986 3206 parte
1017 3151 1244 3206 principes
1266 3151 1432 3194 Suevie
1458 3151 1721 3207 Philippum
1754 3152 1840 3194 sibi
1869 3166 2039 3208 regem,
2073 3151 2161 3194 acsi

312 3214 511 3252 tutorem
543 3209 769 3253 fratruelis
801 3210 948 3252 adhuc
990 3210 1108 3252 infra
1149 3224 1288 3253 annos
1320 3211 1536 3266 degentis,
1580 3211 1810 3267 eligerent,
1854 3210 1900 3252 in
1943 3209 2160 3253 Sicilia

313 3268 393 3310 sub
415 3269 640 3311 tutoribus
661 3268 907 3324 constituti,
938 3274 976 3310 et
1010 3270 1106 3311 Otto
1136 3271 1187 3311 de
1217 3270 1262 3313 S.
1288 3271 1442 3312 Blasio
1474 3284 1506 3313 c.
1529 3272 1600 3323 45,
1627 3284 1674 3324 p.
1700 3273 1769 3322 71,
1803 3270 1830 3312 l.
1856 3271 1924 3322 16,
1956 3273 1994 3308 et
2018 3282 2066 3321 Ρ.
2090 3271 2158 3320 72,

312 3328 339 3371 l.
363 3330 484 3381 4sq.,
517 3342 547 3371 c.
573 3330 644 3381 46,
672 3342 718 3381 p.
743 3331 811 3381 73,
845 3329 873 3371 l.
896 3331 1056 3382 2sqq.;
1086 3328 1142 3372 ib.
1168 3342 1216 3382 p.
1243 3331 1351 3373 152:
1375 3329 1422 3370 in
1451 3328 1633 3370 civitate
1663 3326 1954 3370 Babinberch
1985 3330 2157 3381 presto-

311 3385 433 3428 lante
463 3399 585 3441 rege,
618 3386 908 3440 quoadusque
939 3387 1173 3428 universus
1195 3387 1483 3443 colligeretur
1504 3386 1740 3439 exercitus,
1771 3384 2158 3427 flebothomisatus
2188 3397 2231 3428 45

310 3443 372 3486 ibi
392 3445 612 3498 requievit
633 3450 720 3498 etc,
751 3450 788 3487 et
813 3444 909 3486 Otto
930 3447 981 3486 de
1001 3445 1045 3489 S.
1063 3446 1219 3487 Blasio
1239 3459 1270 3490 c.
1290 3449 1360 3499 50,
1375 3461 1425 3500 p.
1447 3448 1517 3497 82,
1541 3447 1568 3490 l.
1590 3449 1644 3489 12
1661 3458 1776 3498 sqq.;
1807 3444 1945 3485 Notae
1967 3444 2011 3487 S.
2037 3444 2161 3485 Galli
