2408 4046
783 51 1525 110 SCRIPTORE&

2037 71 2062 111 ὁ

242 142 498 198 Abbonis
509 151 573 196 de
587 151 721 196 bello
730 150 1110 196 Parisiacolibri
1121 149 1213 194 III.
1230 150 1322 196 Ed.
1335 149 1396 196 G.
1409 150 1473 195 H.
1486 150 1650 195 Pertz.
1668 150 1767 195 187
1780 153 1802 196 1
1871 174 1940 179 —
2020 153 2048 196 4
2058 153 2085 197 5

241 215 449 270 Adami
473 223 632 270 Gesta
654 224 1158 284 Hammaburgensis
1193 224 1438 269 ecclesiae
1468 223 1793 283 pontificum.

391 287 463 342 (In
496 287 771 343 Neubearb.)
817 320 1792 332 .......................

214 346 469 402 *Alberti
494 356 556 401 de
578 356 798 401 Bezanis
827 355 1031 401 abbatis
1060 355 1109 400 8.
1135 355 1399 401 Laurentii
1429 355 1794 401 Cremonensis

388 418 589 462 Cronica.
652 418 856 461 Primum
890 418 1031 461 edidit
1063 418 1114 463 O.
1148 418 1532 475 Holder-Egger.
1596 421 1708 463 1908
1743 454 1751 463 .
1788 457 1793 461 .

246 479 496 534 Annales
539 488 851 532 Altaheuses
892 488 1129 532 maiores,
1209 487 1302 532 Ed.
1344 488 1522 532 altera.
1610 487 1799 546 Recog-

387 552 512 592 novit
544 551 594 595 E.
629 551 680 595 L.
715 551 757 596 l)
791 551 846 593 ab
881 550 1048 595 Oefele.
1113 552 1222 595 1891
1260 585 1795 594 .............

241 609 494 665 Annales
536 620 840 665 Bertiniaui.
922 619 1201 664 Recensuit
1241 618 1302 664 G.
1347 619 1530 663 Waitz.
1578 618 1713 663 1883
1784 655 1792 662 .

243 684 499 739 Annales
540 694 682 753 regni
736 693 1050 738 Francorum
1103 692 1223 737 inde
1274 692 1338 737 ·1b
1392 706 1436 736 a.
1484 692 1584 737 712
1634 706 1797 752 usque

388 755 442 797 ad
477 770 512 798 a
546 761 646 811 829,
680 757 755 811 qui
788 756 1000 798 dicuntur
1030 756 1230 798 Annales
1262 755 1569 798 Laurisscnscs
1608 755 1799 797 maiores

388 822 427 856 et
464 814 696 859 Einhardi
758 814 865 857 Post
899 814 1002 859 cdit.
1038 816 1091 858 G.
1127 814 1185 858 H.
1221 813 1383 856 Pertzii
1430 815 1693 869 recognovit
1724 813 1797 858 Fr

387 872 488 915 Kur
491 888 552 917 ze.
620 877 732 919 1895
771 908 1797 920 ........................

242 932 496 988 Annales
538 943 826 988 Fuldenses
869 943 979 986 sive
1020 942 1248 986 Annales
1291 943 1433 1002 regni
1465 942 1796 987 Francorum.

389 1005 496 1047 Post
522 1006 627 1049 edit.
654 1006 708 1053 G,
732 1006 792 1049 H.
816 1005 983 1048 Pertzii
1014 1005 1276 1061 recognovit
1310 1005 1384 1049 Fr.
1408 1005 1575 1050 Kurze.
1611 1008 1719 1050 1891
1744 1038 1751 1046 .
1789 1042 1796 1048 .

242 1065 502 1121 Annales
557 1075 1054 1120 Hildesheimenses.
1109 1074 1202 1118 Ed.
1247 1073 1304 1120 G.
1349 1075 1534 1119 Waitz.
1660 1074 1795 1118 1878
1876 1097 1941 1102 —

244 1139 869 1194 AnnaleSMarbacenses
898 1148 982 1208 qui
1019 1148 1277 1193 dicuntur.
1330 1141 1566 1202 (Cronica
1594 1148 1797 1192 Hohen-

390 1212 622 1263 burg-ensis
654 1226 755 1255 cum
788 1211 1125 1254 continuatione
1158 1216 1201 1252 et
1234 1211 1552 1254 additamentis
1595 1210 1798 1253 Neobur-

387 1272 627 1325 gensihus).
701 1270 984 1326 Recognovit
1025 1269 1314 1313 Hermannus
1358 1270 1514 1315 Bloch.
1563 1270 1802 1312 Accedunt

389 1330 587 1372 Annales
620 1329 811 1371 Alsatici
844 1330 1083 1373 breviores.
1147 1328 1258 1371 Cum
1293 1329 1459 1373 tabula.
1511 1332 1621 1374 1907
1659 1366 1665 1373 .
1703 1365 1710 1372 .
1747 1366 1754 1372 .
1790 1365 1798 1373 .

242 1389 492 1444 Annales
558 1399 843 1444 Mettcnses
910 1399 1116 1458 priores.
1221 1398 1453 1443 Primum
1502 1399 1801 1457 recognovit

378 1461 430 1503 Β.
463 1462 517 1504 de
551 1461 743 1507 Simson.
797 1462 1035 1505 Accedunt
1065 1461 1203 1506 addit.
1227 1462 1474 1504 Annalium
1504 1461 1799 1504 mettensium

387 1522 700 1575 posteriorum.
766 1524 881 1566 1905
905 1553 1796 1566 .....................

241 1581 498 1637 Annales
512 1590 772 1635 Poloniae.
790 1590 864 1634 Ex
879 1604 1074 1635 recens.
1088 1590 1293 1634 Arndtii
1313 1594 1364 1635 et
1377 1590 1637 1650 Roepellii.
1662 1590 1758 1634 186
1769 1591 1795 1634 6

241 1654 492 1710 Annales
515 1664 811 1709 Xantenses
841 1667 892 1709 et
928 1663 1155 1708 Annales
1190 1663 1482 1709 Vedastini.
1544 1664 1797 1723 Recogno-

388 1728 452 1769 vit
484 1727 534 1771 B.
570 1727 627 1770 de
661 1726 852 1770 Simson.
918 1729 1030 1772 1909
1085 1760 1798 1772 .................

243 1787 492 1843 Arnoldi
510 1795 697 1841 Chron.
717 1795 1004 1842 Slavorum.
1039 1795 1114 1840 Ex
1129 1810 1226 1841 rec.
1245 1796 1636 1856 Lappenbergii.
1662 1796 1798 1841 1868

240 1862 536 1917 Brunonis
590 1870 652 1915 de
706 1870 839 1915 bello
880 1869 1130 1915 Saxonico
1190 1870 1330 1916 liber.
1411 1870 1580 1915 Editio
1620 1870 1797 1915 altera.

387 1933 669 1990 Recognovit
692 1933 763 1977 W.
787 1932 1103 1977 wattenbach.
1169 1936 1282 1979 1880
1305 1967 1797 1978 ............

241 1996 578 2049 Burchardi
603 1998 662 2049 et
682 1995 973 2050 Cuonl'adi
997 2002 1366 2063 Urspergensis
1382 2001 1688 2048 Chronicon.
1721 1995 1799 2063 (In

387 2065 805 2123 Neubearbeitung)
861 2098 1798 2113 ......................

244 2127 488 2182 Carmen
517 2135 580 2181 de
608 2135 742 2181 bello
771 2134 1038 2181 Saxonico.
1082 2135 1156 2180 Ex
1177 2150 1278 2181 rec.
1309 2134 1369 2181 O.
1398 2135 1796 2195 Holder-Egger.
1845 2168 1848 2170 .

387 2199 557 2244 Acced.
594 2198 869 2254 Conquestio
903 2198 1112 2242 Heinrici
1143 2198 1226 2243 IV.
1261 2200 1367 2254 imp.
1404 2202 1516 2245 1889
1571 2235 1797 2244 ......

242 2259 530 2316 Chronica
573 2270 712 2328 regia
741 2267 1062 2314 Coloniensis
1091 2282 1210 2313 cum
1238 2269 1720 2314 continuationibus
1747 2269 1800 2312 in

386 2333 659 2374 monasterio
693 2333 738 2378 S.
770 2331 1059 2374 Pantaleonis
1092 2332 1269 2387 scriptis
1287 2332 1473 2387 aliisque
1486 2332 1698 2374 historiae
1716 2331 1798 2374 Co-

388 2391 599 2434 loniensis
632 2391 950 2435 monumentis.
1013 2390 1261 2434 Recensuit
1295 2390 1348 2436 G.
1382 2391 1544 2436 waitz.
1610 2394 1755 2436 1880.
1791 2427 1798 2434 .

244 2453 578 2508 Chronicon
599 2460 986 2521 Moguntinum.
1028 2459 1207 2505 Edidit
1222 2459 1437 2507 Carolus
1455 2460 1634 2521 Hegel.
1662 2459 1799 2505 1885

208 2524 578 2582 *Chronioon
617 2534 992 2580 Novaliciense.
1055 2534 1130 2579 Ex
1157 2548 1256 2579 rec.
1285 2534 1616 2580 Bethmanni.
1664 2533 1799 2579 1846

241 2601 529 2656 cnutonis
558 2608 692 2668 regis
723 2607 883 2653 Gesta
905 2608 1013 2653 sive
1029 2607 1335 2653 Encomium
1357 2608 1573 2653 Emmae
1594 2608 1800 2667 reginae

389 2679 505 2716 auct.
539 2671 764 2715 monacho
799 2671 845 2716 S.
878 2671 1066 2716 Bertini.
1130 2670 1215 2716 Ed.
1251 2672 1303 2717 G.
1337 2672 1399 2718 H.
1431 2671 1578 2717 Pertz.
1643 2674 1757 2716 1865
1792 2708 1798 2715 .

212 2732 589 2801 *Godagnelli
610 2741 844 2786 Annales
866 2741 1177 2787 Placentini.
1243 2742 1563 2802 Recognovit
1590 2739 1651 2786 O.
1680 2740 1797 2785 Hol-

383 2805 681 2861 der-Egger.
749 2808 860 2850 1901
899 2838 1798 2850 .....................

235 2867 527 2921 Einhardi
568 2874 687 2919 Vita
740 2873 917 2919 Karoli
955 2874 1148 2934 Magni.
1227 2874 1397 2920 Editio
1443 2878 1605 2920 sexta.
1677 2873 1800 2919 Post

383 2936 438 2983 G.
472 2937 532 2983 H
568 2937 702 2980 Pertz
732 2937 958 2980 recensuit
991 2936 1043 2982 G.
1078 2937 1241 2984 Waitz.
1304 2938 1487 2982 Curavit
1520 2937 1800 3009 0501181-

379 2996 545 3054 Egger.
609 3000 720 3043 1911
784 3027 1800 3045 ........................

207 3057 418 3113 *Gesta
447 3066 681 3112 Federici
721 3065 760 3110 I.
803 3066 1132 3138 imperat-in
1159 3066 1470 3112 Lombardia
1509 3070 1647 3112 auct.
1689 3065 1798 3111 cive

383 3129 677 3232 113110112ῗὲ
682 3128 1079 3234 ὃέρᾱῗὲἓῗῗοῖἐῒ
1089 3129 1374 3244 ..3359ssssss
1386 3129 1581 3232 'gfff'
1610 3129 1728 3233 13ἓὲ
1733 3143 1800 3232 6.θῖ

237 3249 418 3306 Gesta
451 3258 705 3303 abbatum
732 3258 1229 3303 Fontanellensium.
1289 3258 1572 3303 Recensuit
1604 3255 1653 3302 8.
1677 3256 1796 3302 Loe-

384 3321 594 3366 wenfeld.
660 3324 773 3367 1886
818 3354 1796 3366 .......................

239 3381 555 3438 GiSleberti
572 3389 760 3436 Chron.
780 3390 1132 3436 Hanoniense.
1155 3390 1230 3435 Ex
1245 3404 1343 3436 rec.
1356 3390 1434 3434 W.
1447 3390 1636 3435 Arndt.
1659 3391 1680 3434 1
1693 3389 1796 3434 869

208 3453 540 3512 *Gotifredi
554 3464 897 3510 viterbiensis
909 3464 1070 3511 Gesta
1083 3464 1324 3510 Frideriei
1338 3463 1377 3509 1.
1398 3466 1450 3509 et
1466 3463 1694 3508 Heinriei
1708 3462 1794 3507 VI.

384 3527 546 3585 imper.
579 3528 767 3571 metrice
801 3529 978 3584 scripta.
1039 3527 1110 3571 Ex
1142 3528 1338 3571 editione
1369 3526 1566 3570 Waitzii.
1629 3529 1744 3572 1870
1788 3563 1795 3571 .

236 3590 509 3645 Heinrici
526 3595 722 3644 'Chron.
744 3597 1024 3657 Lyvoniae.
1059 3597 1134 3642 Ex
1151 3610 1250 3643 rec.
1266 3596 1420 3642 Wilh.
1443 3596 1632 3641 Arndt.
1657 3593 1796 3640 1874

237 3664 541 3719 Helmoldi
573 3671 868 3731 presbyteri
905 3671 1236 3716 Bozoviensis
1265 3668 1481 3716 Cronica
1507 3667 1795 3715 Slavorum.

383 3734 506 3780 Edit.
530 3736 686 3778 altera.
747 3733 1031 3790 Recognovit
1075 3733 1128 3779 B.
1180 3733 1474 3778 Schmeidler.
1557 3732 1797 3777 Accedunt

379 3793 555 3851 *Versus
587 3793 644 3837 de
675 3793 771 3837 vita
789 3793 984 3837 Vicelini
1015 3796 1061 3837 et
1091 3793 1270 3837 Sidonis
1301 3793 1503 3849 epistola.
1567 3795 1680 3837 1909

237 3855 537 3910 Herbordi
564 3863 816 3923 Dialogus
857 3863 921 3908 de
961 3863 1068 3908 vita
1096 3861 1304 3908 Ottonis
1344 3861 1571 3923 episcopi
1596 3861 1796 3906 Baben·

383 3925 633 3982 bergensis.
696 3925 769 3969 Ex
797 3926 1060 3969 recensione
1091 3925 1275 3969 Rudolfi
1306 3925 1486 3981 Kiipke.
1550 3927 1665 3970 1868
1698 3959 1708 3968 .
1741 3960 1750 3970 .
1785 3956 1795 3967 .

2022 414 2088 459 70

2028 2208 2092 2253 60

2029 2401 2092 2446 50

2028 2547 2093 2594 25

2028 2681 2094 2726 60

2024 3196 2090 3241 40

2026 3313 2090 3359 90

2023 3387 2091 3433 80

2022 3519 2089 3566 45

2021 3593 2089 3639 80

2020 3784 2090 3832 80

2022 3919 2089 3965 20
