2377 3802
125 960 166 990 10

122 1326 163 1357 15

121 1696 163 1726 20

8 1770 63 1809 *11.
83 1771 160 1802 314.

575 124 844 170 OTTONIS
875 125 957 168 DE
990 125 1034 171 S.
1068 125 1298 170 BLASIO
1332 125 1672 170 CHRONICA.
2000 129 2056 171 27

281 278 556 330 Videntes
582 278 813 344 itaquea
846 273 1336 331 Mediolanensesb
1364 280 1510 331 vires
1538 278 1766 347 augusti
1794 277 1853 328 in
1881 279 2055 329 exter·
2076 287 2203 330 1167.

201 352 409 404 minio⁰
464 352 744 403 exercitus
796 352 1134 410 concidisse,
1190 353 1507 404 mutatione
1558 370 1747 404 rerum
1800 351 2054 411 animati,

200 427 461 493 presente
521 429 764 492 augusto
822 425 877 476 in
939 442 1041 476 sua
1095 422 1338 477 viciniad
1402 443 1468 477 ex
1525 426 1788 476 omnibus
1852 425 2057 491 quibus

202 499 440 567 dispersi
481 502 644 550 erant
684 499 823 550 10013
865 500 1212 567 congregati,
1255 500 1326 550 ad
1363 500 1557 549 ruinas
1597 499 1753 549 urbis
1794 515 1892 549 sue
1934 515 2055 548 con-
2072 523 2210 561 (April.
2230 524 2301 562 ετ).

199 573 347 625 versi
385 575 518 624 sunt
556 572 849 640 ipsamque
887 573 1026 623 totis
1066 573 1284 622 nisibus
1325 589 1388 622 ac
1426 572 1746 639 sumptibus
1774 571 2057 622 reedifica-

199 649 405 698 verunt
424 646 458 696 ¹.
537 646 859 714 Imperator
898 663 1029 697 vero
1071 648 1252 696 morte
1291 662 1522 696 suorum
1563 645 1819 711 quamvis
1848 644 2056 695 saucia-

197 724 293 771 tus
333 721 655 781 admodum,
697 723 890 771 tamen
930 718 1301 786 ignominiam
1341 718 1519 770 talem
1559 736 1591 769 a
1624 717 2057 770 Mediolanensi-

201 794 341 845 buse
395 795 504 845 sibi
556 793 867 844 exhibitam
920 808 986 843 ex
1036 792 1377 844 necessitate
1423 792 1695 859 temporis
1747 808 1860 842 non
1902 791 2056 842 dissi-

200 868 457 928 mulavit,
510 867 608 918 sed
656 883 756 934 per
796 866 1185 932 episcopatum
1232 866 1482 933 ipsorum
1525 866 1809 917 transiens
1850 868 2056 917 cuncta

199 942 331 1009 igne
370 941 634 1007 ferroque
674 939 999 1007 profligavit
1017 939 1050 987 2.
1131 939 1249 1007 Ipsi
1276 956 1408 991 vero
1435 940 1673 991 iniurias
1701 957 1830 990 suas
1858 939 2055 990 ulcisci
2074 963 2204 1000 (sepe.)

200 1015 491 1082 cupientes
549 1015 948 1080 imperatorem
1009 1013 1079 1064 ad
1141 1015 1414 1065 montana
1467 1014 1799 1065 tendentem
1852 1014 2056 1064 armati

196 1087 582 1139 insecuntur3.
672 1081 1160 1155 Apprehendensf
1205 1088 1399 1154 itaque
1450 1088 1758 1155 imperator
1817 1087 2053 1145 obsideS,

196 1178 335 1229 quos
364 1161 434 1212 ab
465 1161 544 1213 eis
573 1164 886 1228 acceperat,
918 1162 1054 1212 dum
1082 1161 1474 1212 Mediolanum
1503 1178 1696 1213 eorum
1726 1162 2055 1213 civitatemg

196 1235 568 1297 subverteret,
611 1231 855 1302 eosqueh
894 1235 955 1285 in
992 1234 1132 1286 locis
1174 1235 1409 1286 diversis
1449 1236 1719 1302 suspendi
1748 1235 2000 1303 precepit
2018 1235 2051 1282 4.
2071 1227 2255 1324 (132859)

196 1308 350 1373 Quos
403 1326 530 1360 cum
585 1325 830 1360 cesarem
883 1309 1249 1376 insequentes
1300 1305 1683 1360 invenissenti
1739 1326 2053 1376 3113Ρο11303,
2091 1306 2102 1315 ‘
2190 1308 2198 1316 '
2259 1308 2267 1316 ’

194 1383 371 1435 nimio
411 1386 625 1435 terrore
664 1382 927 1450 perculsi,
969 1383 1357 1449 unusquisque
1387 1384 1628 1434 cadaver
1657 1383 1772 1434 cari
1799 1383 1887 1434 sui
1928 1400 2055 1433 cum

195 1456 447 1508 lamento
476 1457 766 1517 reducenS,
798 1473 1041 1508 cesarem
1072 1457 1296 1524 insequi
1323 1457 1654 1508 omiserunt.
1807 1456 2230 1514 Veniensm1a2-c.).

194 1531 373 1598 igitur
411 1526 757 1598 imperatork
801 1531 861 1580 in
902 1531 1194 1582 civitatem
1236 1530 1435 1582 Susam
1453 1531 1486 1593 5,
1544 1547 1652 1598 que
1705 1531 1815 1582 sita
1866 1534 1952 1582 est
1997 1531 2057 1581 in

194 1605 451 1671 ingressu
480 1604 732 1672 Alpium,
765 1605 970 1656 fraude
999 1605 1204 1656 civium
1235 1605 1419 1656 occidi
1449 1605 1860 1672 temptabatur.
1927 1605 2056 1672 Ipse

196 1682 388 1730 autem
429 1678 499 1730 ab
542 1679 765 1746 hospite
808 1695 908 1730 suo
947 1679 1301 1746 premonitus
1337 1678 1495 1730 dolos
1525 1696 1718 1730 eorum
1749 1679 1827 1730 sic
1857 1679 2053 1730 evasit.

197 1752 355 1820 *Ipsa
394 1753 543 1804 enim
584 1754 767 1813 nocte,
812 1769 938 1803 cum
980 1769 1144 1804 mane
1185 1753 1257 1803 ad
1287 1756 1527 1804 mortem
1556 1753 1876 1820 querendus
1906 1756 2054 1804 esset

195 1843 228 1877 a
269 1826 500 1887 civibus,
553 1826 792 1877 militem
836 1827 1119 1893 quendam
1167 1826 1273 1877 sibi
1313 1826 1572 1887 similem,
1615 1827 1842 1878 nomine
1885 1827 2051 1877 Hart-

194 1917 464 1951 mannum
508 1901 577 1951 de
619 1895 1017 1962 Sibineichl·‘³,
1072 1901 1129 1950 in
1172 1900 1322 1952 lecto
1363 1917 1464 1951 suo
1506 1900 1775 1952 collocari
1812 1901 1954 1952 fecit
1995 1904 2052 1952 et

370 2073 405 2114 a)
441 2078 564 2104 autem
590 2074 621 2104 2.
714 2071 752 2111 b)
776 2073 938 2114 Medyol.
963 2073 996 2103 2.
1089 2072 1122 2112 0)
1146 2074 1297 2103 alterum
1321 2074 1367 2104 -i-
1391 2074 1465 2104 alia
1491 2083 1597 2103 manu
1621 2083 1800 2112 supet-scr.
1826 2075 1859 2105 1.
1936 2071 1974 2110 (1)
1999 2074 2051 2104 vi-

119 2117 162 2147 25
192 2117 276 2148 cina
301 2118 333 2148 1.
441 2119 475 2155 0)
506 2118 706 2148 Medialan.
733 2118 765 2148 2.
881 2118 908 2157 f)
938 2114 1130 2157 apph'nd'es
1155 2120 1186 2148 1.
1313 2120 1348 2158 g)
1381 2118 1491 2150 ciuite
1516 2119 1548 2150 2.
1664 2119 1701 2159 h)
1738 2127 1825 2157 -que
1851 2127 1993 2149 erasum
2019 2121 2050 2149 1.

192 2162 218 2202 i)
243 2170 444 2200 suspensos
468 2162 698 2194 invenissent
723 2162 754 2194 2.
849 2161 886 2200 k)
910 2161 923 2191 i
947 2159 1033 2201 ρει*
1062 2163 1094 2194 1.
1187 2162 1213 2203 1)
1238 2161 1436 2193 Sibeneich
1462 2164 1494 2194 2.

118 2494 160 2526 30

119 2789 159 2820 35

116 3085 160 3114 40

372 2310 414 2364 1)
457 2309 600 2351 Immo
641 2313 735 2350 iam
779 2315 908 2350 antea
951 2310 1020 2350 die
1063 2312 1133 2353 27.
1166 2310 1314 2364 April.
1360 2312 1486 2354 1167.
1533 2311 1834 2352 Mediolanum
1876 2313 2055 2352 restitui

191 2373 383 2422 coeptum
415 2373 500 2423 est;
543 2368 676 2409 Gesta
707 2369 813 2412 Fed.
846 2368 885 2409 Ι.
929 2370 1034 2422 imp.
1078 2371 1126 2409 in
1163 2369 1327 2421 Lomb,
1373 2370 1434 2413 ecl.
1468 2370 1835 2424 Homer-Effer
1876 2370 1978 2423 (SS.
2011 2385 2050 2413 ν.

193 2428 378 2481 Germ),
405 2441 453 2482 Ρ.
476 2429 546 2472 61.
718 2429 762 2482 2)
804 2427 869 2480 Cf.
917 2428 1049 2469 Gesta
1089 2429 1193 2471 Fed.
1227 2428 1265 2471 Ι.
1308 2432 1412 2483 ἰἠιΡ.
1445 2432 1495 2469 in
1525 2429 1674 2472 Lomb.
1701 2443 1748 2482 Ρ.
1780 2432 1859 2482 61;
1903 2430 2049 2473 Anon.

189 2486 352 2539 Laud,
385 2487 464 2531 SS.
486 2487 677 2540 XVIII,
701 2501 750 2541 Ρ.
775 2489 873 2531 656.
947 2488 1023 2528 Ad
1062 2500 1179 2529 voces
1208 2489 1263 2540 cf.
1295 2500 1440 2541 supra
1471 2502 1503 2531 c,
1528 2491 1567 2540 2,
1593 2502 1641 2541 Ρ.
1665 2491 1705 2538 4,
1739 2490 1766 2532 l.
1793 2491 1872 2539 173
1913 2502 1944 2532 c.
1981 2491 2048 2538 15,

184 2559 233 2598 Ρ.
258 2547 328 2599 18,
360 2546 385 2590 Ζ.
411 2549 462 2601 2;
494 2560 527 2587 0.
554 2548 621 2598 18,
646 2560 695 2600 Ρ.
719 2548 791 2597 21,
823 2547 850 2589 l.
876 2548 915 2590 6.
1053 2548 1098 2599 3)
1134 2547 1191 2590 D.
1228 2550 1295 2591 11.
1318 2547 1545 2590 Novembr.
1581 2561 1620 2590 a.
1648 2549 1773 2591 1167.
1808 2552 2052 2600 imperator

190 2617 218 2645 a
249 2604 652 2646 Mediolanensibus
694 2607 881 2659 fuyatus
919 2611 993 2657 est,
1025 2606 1121 2649 Ioh.
1156 2605 1331 2649 Saresb.
1365 2619 1427 2660 ep.
1460 2620 1531 2650 nr.
1562 2608 1662 2659 228,
1697 2606 1848 2659 Miqne
1878 2606 2048 2650 Patr-ol.

191 2663 293 2704 Lat.
327 2663 436 2717 CIC,
469 2666 543 2707 col.
578 2667 686 2718 2593
730 2666 784 2718 cf.
826 2665 972 2705 Anon.
1016 2665 1162 2708 Laud.
1198 2679 1247 2718 Ρ.
1281 2667 1379 2709 657.
1559 2666 1603 2720 4)
1648 2665 1714 2718 Cf.
1751 2667 1901 2708 Obertz’
1928 2667 2048 2709 Ann.

189 2722 400 2766 Ianuens.
443 2737 484 2767 a.
521 2726 649 2776 1167,
694 2723 772 2768 SS.
804 2723 994 2776 XVIII,
1025 2738 1073 2777 Ρ.
1098 2726 1169 2776 75,
1200 2725 1227 2768 l.
1252 2727 1322 2768 21.
1386 2725 1470 2766 Sed
1499 2738 1548 2765 re
1578 2739 1682 2766 vera
1712 2739 1851 2766 ‘unum
1882 2723 2049 2765 Zilium

192 2779 248 2822 de
285 2779 467 2823 Prando
495 2781 700 2824 obsidem
743 2782 799 2825 de
830 2781 985 2824 Brixia
1016 2783 1143 2825 iuxta
1179 2781 1395 2825 Sauxiam
1425 2788 1672 2838 imperator
1700 2784 1946 2838 suspendit,
1996 2784 2048 2827 G.

190 2840 294 2886 Fed„
327 2840 364 2883 I.
402 2844 507 2894 imp.
543 2845 593 2882 in
628 2842 801 2895 Lomb.,
845 2843 907 2886 ed.
951 2842 1315 2896 Holder-Eyyer
1357 2843 1456 2894 (SS.
1495 2857 1533 2887 r.
1570 2843 1754 2897 Germ),
1788 2858 1837 2897 Ρ.
1868 2845 1947 2897 62;
1992 2845 2046 2895 cf.

189 2900 308 2942 Ann.
341 2899 489 2951 Brz’x.‚
522 2899 600 2943 SS.
630 2900 821 2954 XVIII,
849 2914 897 2954 Ρ.
920 2902 1030 2954 813;
1073 2901 1171 2945 [oh.
1215 2902 1393 2945 Saresb.
1434 2915 1498 2956 ep.
1538 2916 1608 2947 nr.
1644 2905 1743 2955 244,
1775 2904 1852 2946 col.
1875 2904 1962 2946 282
1982 2915 2046 2955 sq.

191 2958 236 3014 5)
281 2956 356 2998 Ita
393 2959 526 2999 etiam
572 2958 736 3012 Gotifr.
779 2960 940 3004 Viterb.
986 2961 1117 3002 Gesta
1147 2961 1275 3004 Frid.
1308 2975 1346 3004 v.
1379 2963 1460 3005 771
1484 2975 1602 3015 sqq.;
1644 2962 1741 3006 Ioh.
1775 2962 1951 3005 Saresb.
1983 2975 2047 3015 ep.

190 3030 262 3060 nr.
287 3019 385 3068 244,
419 3018 497 3061 col.
521 3019 620 3061 282.
743 3018 787 3074 6)
820 3017 1165 3075 Har(t)mannus
1197 3020 1468 3061 camerarius
1499 3024 1654 3062 noster
1685 3020 1740 3063 de
1763 3019 2048 3062 Siwenheich

191 3079 384 3117 occurrit
424 3077 474 3116 in
515 3076 675 3117 charta
716 3077 943 3118 Friderici
971 3078 1009 3121 I.
1052 3082 1159 3131 imp.
1198 3080 1239 3122 d.
1272 3080 1315 3122 d.
1348 3082 1418 3123 27.
1450 3080 1551 3120 Ian.
1586 3082 1716 3132 1153,
1760 3080 2046 3131 lViirdtwein,

190 3136 317 3176 Nova
348 3134 558 3177 Subsidia
589 3136 696 3188 dipl.
729 3135 838 3188 VII,
860 3151 910 3190 Ρ.
935 3138 1017 3180 161
1061 3137 1276 3192 [St-umpf
1297 3151 1369 3181 nr.
1392 3139 1558 3194 3658];
1599 3140 1715 3193 quod
1745 3139 1847 3180 huic
1876 3152 2045 3179 narra-

190 3195 305 3236 iioni
344 3207 372 3234 a
413 3199 565 3235 nostro
608 3195 697 3236 solo
737 3195 906 3236 relatae
948 3195 1077 3247 fidem
1119 3198 1320 3249 aliquam
1366 3198 1485 3249 facit.
1543 3197 1609 3241 W.
1687 3198 1810 3239 Idem
1857 3199 2048 3239 occurrit

190 3267 231 3296 a.
257 3255 385 3297 1154.
416 3253 547 3297 Febr.
571 3256 611 3297 3.
643 3255 760 3294 inter
785 3255 1098 3295 ministeriales
1124 3253 1370 3309 (Hartman
1391 3255 1446 3296 de
1467 3254 1762 3309 Sibenheich)
1792 3261 1830 3297 et
1851 3269 1892 3299 a.
1918 3258 2044 3299 1157.

189 3312 292 3356 Iun.
330 3315 400 3356 25.
446 3317 485 3354 ei
531 3313 637 3355 Nov.
688 3311 1021 3365 (Hartmannus
1063 3313 1370 3367 camerarius),
1413 3314 1601 3367 Stumpf
1633 3328 1702 3358 nr.
1742 3316 1871 3358 3681.
1916 3316 2046 3366 3772,

116 3378 160 3409 45
194 3371 385 3418 ‘Mitteil
426 3372 468 3416 cl.
511 3371 623 3415 Inst.
663 3372 696 3424 f.
743 3370 928 3415 Oesterr.
975 3371 1491 3425 Geschz’chtsfm·sch-un9’
1521 3373 1582 3425 X,
1622 3387 1667 3427 Ρ.
1698 3375 1806 3427 296;
1850 3374 2046 3424 fortasse

191 3430 320 3471 etiam
353 3444 394 3475 a.
421 3433 548 3475 1177.
580 3432 695 3483 Auq.
722 3433 805 3482 17.,
836 3430 1024 3484 Stumpf
1045 3444 1118 3475 nr.
1139 3432 1257 3475 4212
1290 3429 1638 3486 (Hartimannus
1669 3431 1974 3487 camerarius).
